1648 2989
492 88 569 138 Cl.
606 90 763 140 xvn.
832 91 1144 155 Diaderhia.
1454 96 1551 142 329

92 227 241 254 versus
270 226 596 269 purpmasoens,
638 211 717 253 alis
748 214 928 255 brevior.
991 214 1227 258 Germen
1267 214 1549 270 cylindricmn,

91 304 217 345 parce
246 293 504 346 pubescens:
548 290 659 346 pube
699 297 920 345 prostrata.
979 290 1278 345 Legumina
1316 294 1552 348 semipolli-

93 367 224 419 caria,
264 368 493 422 triquetra,
534 380 657 422 parce
686 365 886 423 adpresse
915 367 1072 422 pilosa,
1110 370 1370 412 bilocularia:
1408 372 1551 410 loculis

91 443 387 498 polyspermis.

203 519 347 560 Flores
377 526 420 559 et
450 527 599 575 postea
629 521 789 562 fructus
828 527 917 561 tam
948 519 1106 576 copiosi
1135 529 1254 576 sunt,
1291 529 1340 564 ut
1368 520 1551 563 radicem

91 601 137 636 et
165 596 368 638 soliorum
399 597 518 637 basin
548 596 722 637 omnino
753 598 969 650 obtegant.

410 670 486 727 40)
533 674 830 714 AsrRAcALUs
864 687 1135 715 nYroeAEUs.
1179 689 1233 714 m.

89 747 152 795 A.
192 748 383 797 acaulis
419 751 535 813 pilis
572 750 698 797 albis
729 751 890 814 longis
927 751 1376 809 ineam-villosus,
1412 750 1550 797 folio-

155 834 219 883 lis
251 835 438 884 5—13
463 837 840 884 remotiusculis
869 837 1109 896 obovatis,
1145 837 1347 885 floribus
1382 836 1441 884 ad
1476 853 1553 884 ra-

156 921 323 971 dicem
373 924 662 989 aggregatis
707 934 882 972 exacte
930 925 1206 985 sessilibus,
1252 924 1441 988 calycis
1475 924 1555 971 de-

157 1027 302 1058 mum
327 1011 464 1073 rupti
494 1011 722 1059 dentibus
748 1011 1212 1060 lineari-subulatis
1242 1012 1418 1060 tubum
1449 1011 1556 1059 sub-

158 1100 500 1161 aequantibus,
526 1098 867 1162 leguminibus
891 1098 1444 1163 subgloboso-didyrnis
1468 1100 1556 1146 vil-

156 1187 274 1234 losis
298 1187 694 1234 unilocularibus
725 1186 1075 1251 oligospermis
1097 1185 1449 1244 subterraneis,
1475 1203 1555 1233 ve-

156 1275 276 1322 xillo
325 1276 553 1337 elongato
608 1273 924 1338 emarginato
970 1273 1285 1337 marginibus
1329 1272 1556 1322 connatis

157 1363 322 1410 medio
359 1362 598 1409 tubuloso.

202 1449 259 1490 A.
289 1450 550 1505 hypogaeus.
619 1449 773 1489 Ledeb.
807 1447 921 1488 loon.
958 1450 1020 1503 ΡΖ.
1053 1447 1114 1489 Fl.
1144 1461 1252 1489 ross.
1291 1447 1364 1486 alt.
1403 1448 1554 1489 illustr.

259 1534 290 1567 t.
322 1525 391 1567 95.

92 1605 202 1647 Hah.
233 1604 277 1644 in
311 1603 484 1644 collibus
515 1611 558 1645 et
589 1601 893 1659 campestribus
924 1599 1041 1640 siccis
1071 1601 1192 1650 juxta
1220 1597 1263 1637 ss.
1294 1596 1557 1650 Tscharysch

145 1688 189 1722 et
219 1680 473 1721 Buchtorma
505 1679 629 1736 (L.);
661 1681 707 1720 in
740 1678 905 1719 deserto
936 1674 1416 1729 soongoro-kirghisico
1448 1673 1555 1729 (M.)

144 1758 210 1798 Fl.
242 1756 547 1809 Maj.-Aug.
614 1761 679 1803 21..

202 1833 381 1876 Radix
408 1832 811 1889 perpendiculariter
841 1827 1117 1879 descendens,
1148 1827 1332 1882 simplex
1361 1834 1434 1867 aut
1460 1828 1558 1883 plu-

89 1912 206 1954 ribus
236 1911 355 1951 fibris
386 1911 565 1966 stipata,
605 1910 698 1965 ipso
738 1908 855 1963 apice
891 1905 1120 1946 incrassata
1151 1911 1195 1944 et
1225 1902 1382 1944 ibidem
1411 1903 1556 1943 multi-

90 2003 214 2046 ceps,
256 2002 281 2028 e
311 1987 478 2040 singulo
518 1987 652 2043 capite
682 1986 882 2026 foliorum
911 1981 1158 2022 fasciculum
1186 1979 1457 2036 protrudens,
1495 1979 1555 2019 ita

87 2074 138 2107 ut
172 2066 358 2122 caespite
396 2064 528 2106 3—6
559 2063 731 2119 pollices
767 2061 812 2101 in
852 2058 1056 2100 diametro
1086 2064 1260 2097 tenente
1289 2055 1552 2097 terminetur.

89 2142 295 2185 caules
323 2142 449 2197 plane
478 2141 598 2182 nulli.
656 2138 808 2179 Folia
849 2136 1076 2192 petiolata‚
1112 2132 1431 2190 imparipinnata
1471 2144 1555 2170 una

89 2234 188 2261 cum
224 2219 397 2275 petiolis
434 2217 569 2260 2-—6
606 2217 779 2273 pollices
818 2215 971 2265 longa,
1011 2207 1396 2264 erecto-patentia.
1454 2206 1555 2247 Pe-

89 2294 224 2336 tioli
253 2294 521 2348 longitudine
549 2294 764 2344 foliorum,
797 2304 920 2347 supra
941 2285 1150 2345 profunde
1180 2282 1452 2331 canaliculati,
1485 2281 1553 2336 pi·-

90 2373 146 2413 lis
175 2372 318 2423 longis
356 2372 461 2412 albis
500 2372 747 2427 patentibus
786 2367 933 2409 villosi
971 2373 1013 2405 et
1051 2358 1279 2403 subincani.
1336 2357 1552 2397 Foliola

90 2450 342 2505 plerumque
372 2445 439 2498 11,
471 2447 605 2487 rarius
635 2447 674 2498 9,
694 2446 735 2497 7,
754 2447 779 2487 5
799 2452 872 2484 aut
893 2441 957 2494 13,
983 2435 1251 2491 subopposita
1280 2435 1349 2473 vel
1379 2434 1550 2484 alterna,

92 2524 345 2566 brevissime
376 2524 647 2578 petiolulata‚
679 2521 1090 2565 domato-cuneata,
1120 2510 1550 2560 villoso-subincana,

95 2601 214 2657 apice
237 2597 473 2652 rotundat-a,
504 2607 577 2639 aut
604 2598 821 2639 rarissime
849 2597 893 2636 in
925 2589 1218 2633 mucronulum
1239 2585 1448 2636 abeuntia,
1480 2585 1552 2625 vel

95 2679 225 2719 etiam
255 2676 455 2718 fasciculo
484 2677 668 2733 pilorum
691 2674 929 2721 terminata,
961 2666 1262 2709 7-8-1ineas
1291 2663 1429 2714 longa,
1461 2659 1551 2716 api-

100 2769 192 2796 cem
217 2769 366 2796 versus
395 2754 423 2796 3
454 2755 587 2794 lineas
617 2753 716 2792 lata.
763 2746 1006 2804 stipulae
1035 2744 1269 2795 elongatae,
1297 2737 1551 2779 lanceolata-
