1648 2989
111 143 214 194 304
522 139 598 191 cl.
636 142 793 192 xvn.
863 142 1178 208 Diadelphia.

112 266 262 323 quovis
292 265 473 322 capitulo
503 264 626 307 valde
654 266 808 310 variat.
863 264 1172 320 Legumina
1204 268 1249 310 in
1278 268 1578 326 speciminibus

111 344 272 385 altaicis
299 344 357 383 ita
388 351 436 383 ut
463 343 507 383 in
537 342 704 385 ibericis
736 349 779 383 et
809 341 1020 385 davuricis
1049 359 1198 387 versus
1229 347 1347 387 basin
1379 346 1579 387 bilocula—

111 421 194 472 ria,
237 419 400 476 apicem
427 433 576 462 versus
610 419 886 460 unilocularia
915 428 1035 475 sunt,
1075 419 1188 477 quod
1218 422 1262 462 in
1294 423 1401 462 bene
1427 422 1580 463 multis

110 498 237 549 hujus
260 495 426 549 generis
447 496 666 552 speciebus
691 497 916 536 observare
946 497 1058 538 licet.
1102 499 1159 540 A.
1178 498 1473 538 vimineum
1501 498 1582 550 igi-

111 580 180 614 tur
207 586 231 612 a
261 572 526 613 fruticoso
555 569 669 612 haud
699 570 915 613 diversum
943 586 1037 614 esse
1064 587 1135 614 me
1164 587 1409 629 persuasum
1430 575 1581 615 habeo.

409 655 484 710 13)
526 655 819 698 AsTRAeAnus
848 657 1127 699 Annuscum.
1166 659 1273 701 Pazl.

110 734 176 783 A.
220 742 415 782 erectus
454 733 725 783 fruticosus
766 734 1104 796 subsericeus‚
1145 735 1331 784 foliolis
1374 734 1583 800 3-jugis

178 820 743 886 oblongo-linearibuS,
800 821 954 883 spicis
1006 822 1333 887 subcapitatis
1375 822 1583 872 demum

177 907 445 973 elongatis,
482 908 775 973 pedunculis
815 907 935 955 folio
973 911 1228 981 multoties
1260 910 1583 976 longioribus,

176 995 361 1045 vexillo
398 996 492 1044 alis
527 994 771 1060 longiori,
815 996 1158 1059 leguminibus
1193 997 1585 1046 horizontalibus

176 1080 453 1130 linearibus
482 1081 742 1145 triquetris
775 1081 1004 1145 adpresse
1039 1084 1431 1148 nigro-alboque
1465 1084 1583 1148 pilo-

177 1169 245 1219 sis
281 1168 548 1232 apiculatis
584 1168 940 1219 bilocularibus
984 1172 1160 1236 calyce
1195 1171 1448 1221 multoties
1480 1173 1584 1220 lon-

177 1255 416 1323 gioribuS.

223 1343 278 1385 A.
310 1342 561 1384 Arbuscula.
622 1342 730 1384 Pan.
763 1342 942 1397 Astrag.
978 1359 1023 1398 p.
1053 1344 1118 1385 19.
1148 1353 1178 1385 t.
1207 1344 1368 1385 XVII.
1398 1366 1453 1376 --
1495 1346 1581 1386 De-

279 1422 404 1460 cond.
437 1419 589 1461 Prodr.
621 1420 684 1461 II.
715 1437 759 1476 p.
793 1419 893 1461 286.
926 1420 1008 1461 No.
1041 1417 1113 1461 50.
1144 1443 1201 1451 —
1257 1421 1432 1476 Spreng.
1461 1417 1579 1476 Sys't.

278 1510 368 1548 veg.
398 1496 480 1536 III.
514 1512 557 1550 p.
590 1496 690 1538 295.
721 1497 805 1538 No.
837 1494 908 1536 34.

111 1573 222 1615 Hah.
255 1572 299 1612 in
328 1572 506 1611 collibus
536 1572 797 1627 rupestribus
829 1572 926 1611 hinc
955 1570 1054 1611 inde
1084 1569 1153 1623 (L.
1173 1569 1274 1624 M.),
1305 1586 1348 1613 v.
1370 1586 1428 1624 gr.
1451 1587 1580 1629 prope

165 1647 586 1700 Ustkamenogorsk‚
619 1645 673 1687 ad
702 1647 747 1686 fl.
777 1646 1040 1687 Kurtschum
1070 1653 1111 1687 et
1141 1646 1440 1700 Urmuchaika,
1474 1650 1579 1690 circa

165 1732 333 1766 montes
369 1722 535 1764 Arkaul
574 1730 619 1763 et
660 1723 759 1764 alibi
797 1723 842 1764 in
881 1723 1046 1765 deserto
1085 1724 1577 1778 soongoro-kirghisico.

163 1801 227 1843 El.
259 1800 363 1852 Mai.
392 1799 492 1841 Jun.
561 1801 622 1848 ῒ).

223 1876 355 1919 Caule
392 1883 529 1917 erecto
569 1873 795 1922 fruticoso,
841 1875 998 1917 foliolis
1038 1875 1281 1927 latioribus,
1319 1875 1496 1916 floribus
1532 1876 1580 1916 in

108 1955 263 2013 quovis
294 1952 480 2008 capitulo
511 1951 877 1992 numerosioribus
906 1952 1255 2009 leguminumque
1282 1953 1417 1994 forma
1446 1959 1490 1993 et
1509 1950 1581 1993 -di-

108 2032 295 2076 rectione
325 2030 377 2069 ab
407 2029 462 2070 Δ.
497 2041 812 2084 compresso
842 2026 1163 2082 dignoscendus·

428 2111 504 2164 14)
550 2115 841 2154 As’rRAeAnus
872 2127 1160 2154 compnnssus.
1203 2127 1261 2154 m.

109 2192 173 2243 A.
196 2197 469 2256 prostratus
499 2188 844 2237 suffruticosus
873 2189 1108 2246 sericeus,
1138 2186 1320 2235 foliolis
1349 2185 1577 2252 oblongo-

175 2275 451 2328 linearibus
469 2275 778 2340 subtrijugis,
801 2274 1005 2323 floribus
1034 2274 1374 2338 subcapitatis,
1396 2274 1579 2337 pedun-

176 2365 305 2418 culis
334 2362 453 2412 folio
488 2360 633 2425 duplo
669 2361 881 2424 triplove
915 2361 1238 2426 longioribus,
1274 2362 1456 2409 vexillo
1486 2361 1579 2411 alis
1640 2387 1646 2393 ·

177 2451 323 2516 paulo
359 2448 592 2515 longiori,
622 2447 964 2512 leguminibus
995 2448 1269 2497 racemosis
1303 2449 1483 2497 erectis
1517 2449 1578 2496 li-

178 2537 415 2587 nearibus
450 2534 748 2599 compressis
784 2534 1011 2599 adpresse
1044 2536 1211 2599 pilosis
1245 2536 1421 2602 calyce
1451 2537 1578 2584 mul-

178 2626 324 2674 toties
359 2622 686 2689 longioribus.

222 2713 279 2753 A.
306 2722 585 2766 compressus.
644 2708 802 2751 Ledeb.
834 2706 948 2750 loon.
983 2710 1046 2762 pl.
1080 2706 1145 2750 Fl.
1174 2721 1283 2751 ross.
1311 2711 1384 2750 alt.
1425 2711 1576 2750 illustr.

281 2795 310 2828 t.
342 2785 442 2829 289.
