1648 2989
90 78 156 125 54
474 84 549 132 Cl.
588 88 697 136 XV.
767 91 1178 157 ff’etradynamia.

93 204 335 252 Ioculare.-
373 209 532 254 ovulis
567 211 619 256 in
655 227 848 276 quoque
882 217 1040 264 loculo
1076 220 1124 278 2,
1162 223 1411 285 oppositis,
1445 242 1560 289 pen-

93 290 242 337 dulis.
316 295 485 358 Stylus
519 297 803 355 distinctuS,
841 303 1100 368 elongatus
1133 309 1212 353 vel
1244 307 1561 366 brevissimus,

94 376 365 426 subulatus.
423 384 624 430 Silicula
658 386 1018 437 suborhiculata
1051 394 1129 439 vel
1167 396 1393 458 emptica,
1429 399 1564 460 apice
1606 444 1612 455 ,

95 479 282 529 semper
315 480 492 515 retusa.
566 474 623 517 V
616 474 815 520 alvulae
848 478 1114 541 rigidulae,
1153 480 1361 529 obsolete
1395 500 1565 529 nervo-

96 566 412 611 so-venosae,
448 560 680 622 margine
714 579 972 624 nunquam
1000 568 1307 617 incrassatae.
1367 571 1567 616 Placen-

98 649 180 684 tae
200 637 504 706 filiformes,
551 647 764 693 inclusae
805 650 1093 708 (rari-ssime
1135 657 1364 721 margine
1406 674 1567 721 angu-

99 729 305 774 stissimo
330 729 536 794 hyalino
558 733 702 780 dorso
731 738 944 798 cinctae).
999 741 1427 806 Dissepz‘mentum
1447 761 1570 789 com-

98 814 299 875 pletum,
335 828 490 873 tenue,
527 836 711 876 enerve,
747 827 925 871 areolis
960 827 1224 874 linearibus
1259 840 1570 876 transversa-

103 898 230 947 libus
271 918 545 954 exaratum.
619 912 841 956 Funiculi
885 911 989 959 basi
1028 916 1241 962 dilatata
1281 919 1572 980 persistente

102 986 440 1054 dissepimento
474 995 650 1041 adnati
661 1011 678 1049 ;
718 1000 853 1062 apice
891 999 1068 1057 libero,
1091 1001 1361 1069 filiformi,
1400 1007 1573 1051 semini

102 1075 398 1125 adhaerente
430 1080 493 1125 ab
526 1083 715 1128 adnata
749 1083 853 1132 basi
885 1090 1155 1136 secedentes.
1231 1093 1427 1137 Semina
1464 1095 1572 1153 (vel

103 1163 280 1211 Saltem
316 1167 497 1230 ovula)
545 1172 596 1215 in
636 1187 829 1233 quoque
872 1174 1030 1222 loculo
1067 1192 1258 1239 Semper
1294 1179 1416 1233 duo,
1458 1197 1574 1243 pen-

105 1250 249 1307 dula,
299 1257 554 1318 opposita,
599 1273 892 1321 compressa,
935 1268 1165 1328 margine
1209 1268 1572 1330 angustissimo

106 1339 283 1387 cincta:
318 1353 439 1388 testa
468 1342 756 1408 rufescente‚
790 1348 1266 1406 submembranacea,
1298 1354 1440 1399 laevi.
1490 1355 1575 1400 Co-

105 1428 367 1490 tyledones
389 1429 791 1493 suborhiculatae,
825 1438 1186 1501 integerrimae.
1240 1441 1478 1487 Radicula
1508 1445 1575 1489 ri-

106 1514 262 1569 malis,
298 1521 476 1573 tenuis,
512 1520 825 1567 adscendens,

242 1602 405 1649 Genus
447 1607 514 1650 sic
547 1604 878 1671 reformatum
924 1622 968 1656 et
1013 1612 1252 1660 limitibus
1296 1614 1577 1663 certioribus

107 1689 553 1756 circumscriptum,
601 1689 769 1760 differt
803 1695 865 1740 ab
898 1697 1173 1747 Aurinia
1212 1712 1256 1746 et
1291 1701 1574 1750 Psilone-

109 1787 269 1825 mate
290 1776 564 1844 filamentis
598 1781 942 1829 membranula
978 1789 1380 1850 appendiculatis,
1416 1792 1574 1836 silicu-

107 1866 166 1912 lis
200 1865 348 1912 limbo
382 1867 668 1930 planissimo
699 1871 860 1916 cinctis
897 1884 940 1917 et
962 1872 1313 1937 funiculorum
1348 1874 1450 1923 basi
1479 1879 1573 1924 dis-

106 1955 370 2017 sepimento
399 1954 615 2009 adnato;
649 1954 710 2001 ab
746 1956 983 2007 Odonta
1002 1961 1106 2008 rrh
1122 1978 1229 2009 ena
1265 1964 1574 2012 silicularum

107 2040 236 2085 disco
279 2057 491 2088 convexo
539 2054 582 2088 et
629 2045 802 2090 loculis
844 2062 1031 2109 semper
1076 2047 1371 2095 biovulatis:
1416 2055 1572 2099 ovulis

109 2129 368 2192 oppositi53
399 2146 430 2174 a
451 2129 803 2179 Lobularia
832 2133 1039 2197 denique
1044 2132 1425 2201 filamentorum
1447 2151 1573 2185 stru-

107 2227 248 2261 ctura
290 2232 373 2262 nec
414 2233 518 2263 non
563 2218 924 2282 glandularum
959 2238 1162 2269 numero
1195 2220 1354 2288 facile
1397 2226 1571 2292 digno-

105 2303 343 2350 scendum.

356 2401 393 2444 I.
451 2402 672 2458 Species
710 2401 921 2446 adnuae
958 2411 1043 2448 vel
1077 2411 1310 2452 biennes.

407 2479 638 2520 Filomenta
668 2484 857 2534 longiora
884 2486 1269 2538 inappendiculata.

467 2555 511 2606 1)
554 2555 766 2597 Amissum
796 2571 1013 2600 MINIMUM.
1063 2561 1205 2603 Willd.

105 2629 168 2676 A.
206 2631 332 2693 pube
365 2633 556 2681 stellata
595 2635 734 2680 molli
773 2634 1031 2695 incanum,
1069 2639 1296 2688 caulibus
1330 2638 1565 2688 subdiffu·

173 2716 265 2776 εἰς,
309 2717 444 2768 foliis
489 2720 713 2786 oblongis
757 2722 1188 2774 sublinearibusve
1224 2726 1564 2786 acutiusculis,
