1648 2989
442 100 520 151 Cl.
553 102 664 152 XV.
735 103 1149 169 Tetradynamia.
1439 112 1534 160 163

173 226 429 282 Siliquarum
459 234 502 267 et
531 227 741 280 stylorum
771 226 991 279 longitudo
1022 229 1148 270 valde
1179 232 1411 276 variabilis.
1460 237 1532 278 Si-

62 307 202 361 liquae
234 305 503 360 perfectiores
538 301 607 358 (in
638 306 783 360 planta
813 304 960 344 altaica
992 305 1100 344 sicut
1128 306 1170 346 in
1204 310 1390 364 caspica)
1421 326 1532 353 nunc

61 381 326 435 longitudine
364 381 488 433 styli,
536 395 648 420 nunc
689 382 814 437 paulo
855 381 1097 433 longiores,
1136 384 1348 427 interdum
1387 393 1531 431 autem

59 459 234 514 (forsan
282 471 377 497 casu
418 457 619 511 fortuito)
661 460 770 510 stylo
810 458 1028 498 breviores
1070 457 1270 501 evadunt.
1336 461 1531 506 Floras

59 543 298 577 constanter
325 532 575 589 pedicellati‚
608 532 818 588 pedicello
849 534 1003 575 florum
1032 535 1283 577 inferiorum
1307 551 1430 594 saepe
1456 542 1530 582 lin.

57 612 198 654 4-6
220 614 359 662 longo,
390 610 655 665 superiorum
686 611 892 662 breviore,
923 610 1136 652 interdum
1165 612 1239 652 vix
1269 614 1427 656 lineam
1457 631 1532 658 ae-

58 698 228 746 quante.
282 688 330 729 S.
360 686 754 727 Lamarckiana
785 687 960 728 floribus
991 696 1137 729 exacte
1165 690 1381 733 sessilibus
1409 708 1530 749 prae-

58 767 203 809 sertim
233 777 259 805 a
289 762 333 805 S.
367 763 676 804 siliculosa
709 762 864 804 differt.
897 786 953 794 —-

327 894 428 937 325.
489 893 790 936 EUTREMA.
837 894 889 938 R.
921 896 1108 940 Bflowiv.
1141 896 1250 954 (M.)

108 982 162 1026 R.
190 981 382 1024 Buown.
411 978 653 1035 Appendix
683 980 739 1032 of
763 980 882 1036 Capi.
915 983 1081 1038 Parrys
1110 998 1278 1039 voyage
1308 994 1382 1028 etc.
1412 995 1442 1028 t.
1461 986 1525 1029 A.

184 1067 353 1132 Calyx
398 1068 569 1126 laxus,
612 1066 720 1115 basi
767 1070 1005 1130 aequalis.
1076 1071 1245 1120 Petala
1290 1072 1525 1122 indivisa.

55 1156 338 1207 Glandulae
372 1155 677 1219 hypogynae
723 1157 983 1204 valvas-iae
1017 1156 1064 1204 4.
1137 1160 1425 1210 Filamenta
1465 1163 1525 1210 li-

53 1245 197 1304 bera3
253 1243 499 1291 edentula.
579 1242 779 1307 Stigma
822 1244 1053 1307 simplex.
1135 1246 1330 1310 Siliqua
1373 1266 1526 1313 supra

53 1343 223 1381 torum
259 1331 470 1390 sessilis,
508 1330 826 1389 abbreviata,
863 1339 1372 1400 tetragono-anceps,
1411 1339 1524 1385 uni-

53 1419 314 1478 locularis,
358 1419 717 1484 oligosperma,
763 1417 1046 1468 dehiscens:
1094 1423 1310 1472 valvulis
1345 1425 1524 1475 subna-

53 1507 376 1567 vicularibus,
410 1516 554 1555 acute
579 1506 837 1565 carinatis,
867 1506 1293 1572 subtrinervibus3
1329 1513 1526 1575 placen-

53 1599 117 1646 tis
152 1596 354 1656 obtusis,
391 1595 614 1643 inclusis.
686 1594 895 1643 Semina
931 1595 1171 1658 pendula,
1207 1600 1520 1663 uniserialia‚

52 1684 449 1749 immarginata,
485 1681 664 1730 laevia.
737 1682 973 1730 Funiculi
1006 1684 1327 1737 umbilicales
1362 1689 1520 1754 papil-

50 1773 335 1831 laeformes,
372 1770 720 1834 dissepimenti
754 1769 967 1836 vestigio
1003 1771 1186 1822 adnati.

370 1869 415 1920 1)
457 1871 678 1912 EUTREMA
705 1870 987 1914 EDWARDSH.
1031 1872 1085 1913 R.
1120 1873 1196 1915 Br.

104 1956 154 2001 E.
186 1955 444 1999 Edwardsii.
500 1956 557 1997 R.
591 1957 667 1998 Br.
702 1960 728 1997 Ζ.
765 1972 799 1998 c.
827 1974 872 2012 P·
911 1957 1176 2000 CCLXVII.
1208 1966 1238 1999 t.
1273 1958 1331 2002 A.
1361 1981 1418 1991 ·-·
1458 1962 1517 2003 R.

162 2036 322 2076 Brown
357 2049 486 2076 verm.
530 2036 612 2074 bot.
645 2034 763 2074 Schr.
800 2036 863 2074 ed.
892 2033 1002 2074 Nees
1031 2037 1083 2075 ab
1112 2035 1257 2077 Esenb.
1286 2038 1322 2077 Ι.
1360 2054 1403 2092 p.
1434 2038 1518 2080 373

161 2121 199 2153 et
214 2110 310 2152 461.
344 2133 399 2140 -
427 2111 603 2165 Spreng.
621 2111 736 2164 Syst.
766 2123 858 2163 veg.
878 2111 936 2152 ΙΙ.
965 2127 1012 2166 p.
1029 2110 1130 2154 880.
1164 2112 1211 2154 C.
1226 2130 1270 2168 p.
1284 2130 1330 2168 p.
1344 2114 1443 2158 239.
1461 2140 1518 2147 -

158 2190 315 2229 Ledeb.
345 2188 401 2228 Ic.
431 2191 489 2242 pl.
522 2187 588 2229 Fl.
618 2201 721 2227 ross,
753 2190 827 2228 alt.
860 2190 1009 2228 illustr.
1042 2196 1071 2228 t.
1106 2190 1203 2232 258.

105 2264 284 2307 Draba?
325 2263 549 2316 laevigata.
598 2264 739 2306 Cham.
782 2272 821 2305 et
853 2264 1091 2306 Schlechtd.
1115 2271 1160 2307 in
1185 2268 1377 2309 Linnaea
1405 2268 1441 2310 I.
1472 2266 1513 2311 1.

158 2357 200 2396 p.
227 2341 296 2382 25.
329 2337 432 2392 (fid.
465 2344 682 2395 specimin.
717 2355 774 2381 ex
802 2344 892 2383 loco
922 2337 1089 2393 natali.)

48 2418 159 2461 Hah.
188 2419 232 2458 in
263 2415 364 2456 locis
394 2417 583 2457 humidis
614 2418 932 2470 scaturiginosis
961 2432 1156 2458 summae
1185 2418 1291 2474 alpis
1306 2417 1514 2475 Kokorgo

105 2508 189 2535 una
220 2508 315 2533 cum
343 2491 568 2545 Koenigea
596 2493 815 2535 islandica.
849 2494 949 2547 (Β.)
977 2494 1040 2536 Fl.
1071 2494 1154 2536 Jul.
1197 2498 1261 2538 21„
1414 2545 1417 2547 Β

160 2568 402 2625 Specimina
424 2576 569 2625 nosstra
589 2572 739 2611 altaica
759 2569 812 2611 ad
838 2585 1026 2624 unguem
1050 2577 1283 2622 congruunt
1307 2577 1396 2612 tum
1418 2587 1513 2629 cum

50 2645 351 2701 speciminibus
382 2646 540 2686 arcticis
572 2646 641 2701 (in
686 2648 827 2687 insula
865 2655 908 2689 et
937 2647 990 2688 ad
1021 2648 1162 2688 sinum
1194 2645 1258 2687 Sti
1289 2644 1513 2703 Laurentii

49 2720 209 2777 lectis),
240 2731 331 2762 tum
364 2736 458 2762 cum
490 2722 841 2781 descriptionibus
871 2723 1132 2767 R.Br0wnz·i
1155 2729 1195 2761 et
1216 2721 1509 2768 Clzamissom's.

1094 2797 1186 2838 11*
