1648 2989
119 146 219 197 244
520 140 595 192 Cl.
634 140 791 191 XVII.
860 135 1177 204 Diadelphia.

123 272 193 313 vel
223 265 414 311 3-fidis:
449 269 612 308 laciniis
641 264 848 316 oblongis,
880 263 1020 304 variae
1048 260 1293 314 latitudinis,
1322 263 1590 302 mucronula-

124 348 197 399 tis,
232 342 412 387 subinde
443 343 559 398 apice
591 340 831 382 bidentatis.
890 338 1166 380 Bracteae
1196 347 1411 390 maeatae,
1442 339 1592 378 flabel-

121 423 247 464 latim
276 420 329 462 ad
357 418 548 460 medium
579 432 711 472 usque
741 417 812 458 vel
841 417 950 456 ultra
979 415 1169 458 medium
1200 415 1380 466 incisae,
1409 414 1593 470 pedicel-

124 502 218 541 lum
256 502 515 554 superantes.
583 494 777 534 Flores
816 499 1031 533 nutantes.
1102 490 1358 532 Corollae
1397 492 1593 547 pollicem

127 576 288 617 circiter
305 575 479 625 longae:
510 574 672 611 calcare
700 570 792 624 ipsa
812 569 903 608 basi
924 575 1159 619 recurvato,
1183 567 1477 618 adscendente,
1500 580 1594 606 cae-

126 660 266 692 terum
295 655 426 699 recto,
458 647 636 698 obtuso,
666 645 824 688 lamina
856 645 1092 700 petalorum
1121 658 1272 699 parum
1300 644 1508 686 breviore.
1539 665 1597 675 —-

126 728 276 769 Planta
308 725 493 776 elegans,
525 722 686 775 glauca.

513 833 559 890 5)
605 833 853 876 ConYnAms
883 848 1070 876 Nomms.
1116 836 1238 877 Pers.

131 920 190 973 C.
228 922 371 971 caule
406 920 631 983 simplici
663 921 836 968 folioso
874 930 1223 983 exsquamato,
1268 919 1403 966 foliis
1436 916 1599 980 bipin-

196 1008 475 1057 natisec'tis:
512 1008 785 1071 segmentis
816 1007 1041 1054 cuneatis
1068 1007 1210 1054 varie
1238 1006 1428 1064 incisis,
1459 1003 1601 1051 brac-

197 1093 292 1145 teis
339 1093 565 1142 cuneat'is
611 1094 823 1157 integris
867 1093 1104 1142 incisisve
1149 1093 1412 1157 pedicellos
1456 1093 1602 1156 longe

197 1180 562 1246 superantibus,
600 1182 796 1228 calcare
827 1181 1089 1227 incurvato
1121 1179 1438 1229 obtusissimo
1467 1177 1602 1244 pedi-

201 1269 386 1319 cellum
423 1267 511 1314 sub
549 1267 744 1315 anthesi
780 1266 1131 1332 suhaequante.

247 1345 294 1398 C.
329 1355 495 1395 nobilis.
555 1353 671 1394 Pers.
703 1353 808 1407 syn.
838 1354 894 1393 II.
922 1370 967 1408 p.
988 1355 1086 1396 269.
1114 1374 1169 1383 w
1198 1351 1601 1402 Decand.37st.11.

301 1448 349 1486 p.
383 1429 479 1472 121.
511 1451 569 1459 --
627 1430 814 1471 Decand.
843 1429 996 1471 Prodr.
1026 1431 1088 1470 ΙΙ.
1124 1445 1170 1484 p.
1202 1426 1298 1470 128.
1329 1429 1413 1470 No.
1445 1426 1514 1468 15.
1545 1449 1603 1457 —-

302 1507 481 1562 Spreng.
513 1507 624 1560 Syst.
655 1521 748 1558 veg.
778 1507 856 1546 ΙΙΙ.
886 1523 932 1560 P·
967 1506 1064 1547 160.
1095 1506 1180 1547 No.
1215 1503 1283 1546 14.

246 1582 443 1626 Fumaria
473 1581 640 1622 nobilis.
702 1582 828 1622 Limz.
866 1581 1008 1623 le'Hd·
1037 1583 1154 1637 Spec.
1181 1585 1240 1636 pl.
1269 1580 1356 1622 III.
1385 1595 1433 1634 p.
1462 1575 1563 1620 858.

132 1681 244 1723 Hah.
273 1680 317 1720 in
345 1678 607 1734 rupestribus
638 1676 786 1732 apricis
817 1684 859 1716 et
889 1677 1179 1719 subumbrosis
1208 1677 1313 1718 locis
1343 1676 1484 1716 minus
1514 1675 1602 1715 ela-

185 1757 241 1797 tis
271 1758 469 1811 frequens
497 1754 569 1809 (L.
601 1753 669 1793 M.
699 1751 773 1807 B.)
818 1752 881 1794 1⁴¹1.
913 1755 1048 1809 primo
1079 1767 1193 1795 vere.
1255 1756 1320 1798 21..

249 1849 300 1892 In
329 1850 424 1907 ipso
448 1850 571 1890 'caule
592 1862 791 1905 squamae
815 1850 957 1889 nullae
987 1849 1278 1900 inveniuntur,
1312 1846 1363 1887 ad
1392 1845 1505 1886 illius
1527 1846 1601 1885 ba-

136 1928 201 1970 sin
239 1935 383 1967 autem
420 1939 620 1982 squamae
658 1925 767 1966 duae
806 1926 876 1966 vel
914 1932 999 1965 tres
1028 1925 1360 1974 lato-lineares,
1401 1922 1602 1962 soliaceo-

134 2004 482 2047 membranaceae
513 2008 702 2052 exstant,
740 2001 891 2056 quibus
921 2001 1048 2041 caulis
1080 2014 1175 2041 cum
1202 2000 1316 2040 soliis
1353 1997 1599 2038 radicalibus

137 2079 197 2135 (si
227 2076 400 2131 adsunt)
433 2085 529 2118 ante
559 2076 886 2133 explicationem
917 2078 1130 2127 obtectus,
1172 2074 1323 2115 dei-nde
1353 2074 1601 2114 circumval-

134 2156 246 2195 latus
276 2161 354 2195 est.
413 2152 682 2193 Bractearum
711 2155 846 2193 forma
878 2153 939 2192 uti
962 2146 1011 2192 ¹in
1041 2153 1184 2207 planta
1216 2151 1346 2202 culta,
1383 2150 1442 2190 ita
1472 2150 1600 2191 etiam

132 2231 178 2274 in
218 2237 451 2286 spontanea
481 2242 607 2282 quam
637 2229 825 2268 maxime
864 2228 1011 2269 variat.
1070 2225 1234 2267 Eodem
1269 2239 1435 2281 quoque
1470 2226 1598 2267 modo

131 2308 303 2347 habitus
332 2304 462 2346 totius
490 2304 659 2358 plantae
682 2319 759 2360 pro
789 2305 881 2343 loco
912 2301 1040 2342 natali
1068 2302 1276 2343 robustior
1306 2302 1375 2341 vel
1404 2302 1599 2354 gracilior

133 2380 300 2436 evadit3
329 2380 428 2424 hinc
458 2377 504 2421 G.
534 2377 947 2435 odontophylla
976 2378 1166 2419 Decand.
1199 2376 1316 2418 haud.
1345 2376 1591 2433 separanda.

480 2489 526 2544 6)
570 2488 818 2531 Conwams
849 2503 1046 2532 s‘rmcm.
1089 2490 1230 2544 Steph.

131 2575 190 2627 C.
226 2579 431 2643 glauca,
467 2575 694 2625 caulibus
730 2576 909 2624 erectis
946 2574 1276 2633 subramosis,
1311 2572 1447 2625 foliis
1481 2572 1590 2637 pin-

194 2665 474 2714 natisectis:
517 2663 787 2730 segmentis
830 2661 1174 2726 pinnatisectis
1209 2661 1287 2709 vel
1324 2669 1468 2708 acute
1510 2661 1588 2709 in-

191 2751 335 2804 cisis:
378 2751 580 2805 laciniis
622 2749 825 2801 serratis
863 2749 1133 2813 incisisve,¹
1169 2747 1384 2798 bracteis
1418 2746 1584 2797 oblon-
