1648 2989
434 124 511 174 Cl.
549 125 682 175 XVI.
752 123 1122 188 Monadelphia.
1421 124 1519 170 223

160 249 402 290 Truncus
442 249 659 302 lignosus,
707 248 797 288 basi
826 249 962 304 }—;³3
992 249 1093 304 poll.
1127 261 1310 299 crassus,
1349 248 1400 287 ab
1431 247 1520 302 ipsa

47 328 136 368 basi
163 327 492 368 ramosissimus.
528 325 682 367 Rami
712 325 908 380 prostrati
930 326 1002 365 vel
1032 323 1345 376 adscendentes,
1375 322 1522 363 3-6-

44 405 282 460 pollicares,
315 402 674 454 divaricatissimi,
707 402 827 443 varie
853 401 973 453 flexi,
1003 402 1170 440 inferne
1200 415 1286 440 non
1317 415 1410 440 raro
1429 399 1520 439 dia-

45 488 183 521 metro
225 479 403 532 2-—3{
434 481 608 531 lineari,
650 478 807 519 cortice
848 477 1147 529 fusco-griseo
1186 477 1520 516 rimoso-lacero

44 558 144 597 hinc
176 555 276 596 inde
307 555 533 596 secedente
566 555 746 607 obducti,
776 556 932 595 iterum
963 552 1254 594 ramosissimi.
1304 551 1521 593 Ramuli

46 635 202 686 angulo
233 626 425 673 subrecto
457 642 677 688 patentes3
725 635 861 672 adulti
900 629 1121 687 superficie
1158 630 1247 668 sere
1286 643 1520 679 ramorum3

45 715 236 752 annolini
265 709 431 760 foliosi,
472 709 616 751 albidi.
685 708 836 748 Folia
875 721 1048 762 sparsa,
1090 706 1303 761 patentia,
1346 705 1518 750 sessilia,

46 785 446 839 semicylindracea,
486 799 613 842 supra
643 786 795 841 plana,
828 797 976 824 versus
1009 783 1174 838 apicem
1206 781 1520 830 subincrassata‚

47 857 210 918 glabra,
257 861 443 918 undique
485 862 652 918 punctis
694 861 912 917 impressis
952 875 1024 900 seu
1058 858 1269 910 glandulis
1310 858 1522 907 instructa,

47 943 210 994 glauca,
241 939 345 980 duas
377 940 538 980 circiter
567 939 704 978 lineas
738 939 878 988 longa.
936 937 1002 976 Ex
1032 935 1226 975 axillis
1256 933 1524 985 inferioribus

46 1019 246 1058 soliorum
280 1016 492 1068 fasciculi5
534 1029 558 1056 e
589 1017 871 1069 superioribus
901 1015 1053 1064 flores3
1098 1026 1120 1051 e
1151 1017 1321 1051 summis
1348 1011 1525 1050 subinde

45 1097 200 1137 iterum
230 1094 432 1134 foliorum
464 1092 652 1132 fasciculi
679 1092 948 1145 proveniunt.
996 1089 1182 1129 Floras
1212 1087 1401 1136 solitarii,
1435 1100 1525 1126 ses-

47 1174 168 1220 siles,
206 1171 310 1211 folio
350 1169 533 1209 subalari
575 1175 617 1207 et
652 1168 827 1221 insuper
857 1167 1036 1206 bracteis
1080 1165 1242 1204 duabus
1284 1165 1525 1203 lateralibus

47 1248 251 1307 oppositis
282 1247 397 1287 foliis
429 1245 722 1286 consimilibus
754 1244 894 1294 calyce
919 1242 1182 1282 brevioribus
1206 1241 1384 1281 suffulti.
1429 1239 1525 1281 Ca-

46 1329 143 1381 lyx
172 1323 506 1378 campanulatus,
540 1323 647 1361 ultra
678 1319 869 1360 medium
893 1319 1054 1359 divisus
1084 1319 1125 1358 in
1159 1318 1183 1357 5
1213 1317 1385 1357 lacinias
1419 1330 1524 1356 ova-

47 1411 111 1444 tas
141 1402 212 1442 vel
249 1400 474 1451 oblongas,
518 1399 714 1448 obtusas,
757 1410 934 1451 quarum
976 1409 1057 1434 una
1098 1396 1170 1435 vel
1208 1393 1316 1434 duae
1351 1394 1523 1433 caeteris

48 1490 360 1533 nonnunquam
398 1489 550 1529 parum
588 1475 761 1514 latiores
802 1480 913 1514 sunt.
976 1471 1201 1512 Corolla
1240 1472 1521 1525 pentapetala‚

49 1557 189 1610 calyce
220 1553 350 1609 duplo
381 1555 471 1592 fere
502 1554 660 1603 major:
701 1554 856 1606 petalis
888 1549 1054 1600 albidis,
1085 1547 1419 1603 persistentibus,
1451 1551 1525 1584 ob-

47 1630 425 1684 longo-cuneatis,
459 1629 576 1684 apice
607 1627 859 1668 rotundatis,
920 1625 1170 1666 Stamina
1200 1624 1293 1664 8-
1309 1621 1373 1672 10,
1407 1631 1524 1677 peta-

47 1710 100 1750 lis
130 1722 281 1764 parum
311 1707 527 1747 breviora:
547 1706 783 1758 filamentis
813 1717 963 1743 versus
998 1703 1113 1741 basin
1138 1700 1335 1752 dilatatis,
1368 1701 1523 1739 annulo

48 1783 298 1839 glanduloso
331 1784 563 1838 hypogyno
593 1782 778 1830 insertis,
809 1782 908 1820 hinc
938 1778 1254 1833 monodelphiS.
1301 1775 1522 1817 Get-men

48 1869 245 1913 ovatum,
293 1861 513 1912 glabrum,
562 1858 690 1899 sulcis
729 1865 922 1897 notatum
961 1863 1023 1895 tot
1072 1862 1175 1910 quot
1213 1854 1314 1908 styli
1355 1852 1523 1893 adsunt.

48 1939 196 1993 Styli
226 1935 374 1988 2-4,
407 1933 678 1989 cylindracei‚
713 1935 855 1985 liberi,
892 1930 1160 1984 longitudine
1190 1932 1277 1970 fere
1307 1930 1521 1981 germinis.

49 2017 325 2067 Stigmata
363 2013 487 2067 stylis
517 2011 594 2052 vix
626 2012 843 2062 crassiora,
875 2016 1079 2049 truncata.
1139 2006 1246 2064 Cap
1263 2007 1382 2046 sula
1421 2005 1522 2045 duas

47 2093 182 2133 lineas
209 2092 352 2144 longa,
381 2092 633 2147 plerumque
662 2088 737 2140 3-‚
767 2087 900 2127 rarius
931 2087 989 2127 2-
1018 2086 1088 2125 vel
1118 2083 1345 2134 4-valvis,
1379 2082 1521 2122 dehis-

49 2182 162 2209 cens.
207 2166 508 2209 Columella
538 2168 581 2207 in
602 2165 734 2205 fundo
755 2164 950 2218 capsulae
969 2161 1220 2202 brevissima
1241 2161 1360 2214 apice
1379 2161 1520 2198 lamel-

48 2249 114 2286 las
143 2258 312 2286 sursum
342 2244 499 2286 emittit
527 2251 593 2284 tot
622 2249 724 2298 quot
753 2242 905 2282 valvae
930 2238 1084 2279 adsunt
1114 2237 1363 2277 tenuissime
1385 2248 1518 2273 mem-

47 2323 288 2372 branaceas,
316 2319 585 2374 longitudine
613 2319 822 2375 capsulae,
853 2317 1119 2356 valvularum
1151 2314 1315 2353 carinae
1344 2311 1420 2350 vix
1442 2309 1518 2348 ad-

48 2407 184 2447 natas„
211 2412 360 2439 versus
390 2405 584 2438 centrum
613 2397 808 2452 capsulae
838 2401 1060 2449 porrectas,
1092 2406 1174 2430 non
1206 2391 1315 2428 inter
1343 2401 1386 2426 se
1417 2401 1516 2426 con-

49 2483 198 2527 natas,
229 2473 532 2530 dissepimenta
562 2473 753 2514 valvaria
783 2470 1054 2520 mentientia,
1086 2467 1206 2507 facile
1233 2479 1255 2502 a
1286 2463 1421 2502 valvis
1451 2477 1519 2503 se-

49 2550 266 2600 cedentia,
299 2564 376 2591 nec
406 2551 488 2591 nisi
518 2550 609 2605 ipsa
641 2549 731 2589 basi
763 2561 857 2587 cum
888 2546 1110 2587 columella
1141 2539 1429 2589 cohaerentia,
1460 2539 1518 2578 ita

49 2636 97 2669 ut
127 2629 297 2685 capsula
326 2628 409 2679 2-,
447 2625 530 2678 3-‚
572 2624 838 2666 4-locularis
879 2623 1087 2663 videatur.
1147 2615 1291 2656 Cuivis
1327 2615 1518 2655 lamellae

47 2705 141 2761 ipsa
171 2706 262 2746 basi
297 2704 506 2746 semina
546 2704 705 2743 inserta
734 2709 834 2742 sunt
863 2700 947 2741 duo
977 2709 1149 2748 magna,
1187 2691 1373 2746 undique
1403 2692 1515 2732 villis

49 2781 187 2836 longis
217 2781 345 2824 fuscis
374 2779 564 2833 obducta,
597 2793 777 2836 quorum
811 2790 943 2818 unum
965 2770 1143 2816 subinde
1171 2770 1351 2819 abortat,
1381 2768 1440 2808 ita
1472 2775 1516 2806 ut
