<?xml version="1.0" encoding="UTF-8"?>
<!DOCTYPE html PUBLIC "-//W3C//DTD XHTML 1.0 Transitional//EN"
    "http://www.w3.org/TR/xhtml1/DTD/xhtml1-transitional.dtd">
<html xmlns="http://www.w3.org/1999/xhtml" xml:lang="en" lang="en">
 <head>
  <title>
</title>
<meta http-equiv="Content-Type" content="text/html;charset=utf-8" />
  <meta name='ocr-system' content='tesseract 3.04.00' />
  <meta name='ocr-capabilities' content='ocr_page ocr_carea ocr_par ocr_line ocrx_word'/>
</head>
<body>
  <div class='ocr_page' id='page_1' title='image "./floraaltaica03lede_0118.png"; bbox 0 0 1648 2989; ppageno 0'>
   <div class='ocr_carea' id='block_1_1' title="bbox 140 109 1217 179">
    <p class='ocr_par' dir='ltr' id='par_1_1' title="bbox 140 109 1217 179">
     <span class='ocr_line' id='line_1_1' title="bbox 140 109 1217 179; baseline 0.004 -21"><span class='ocrx_word' id='word_1_1' title='bbox 140 111 236 159; x_wconf 82' lang='lat'><em>106</em></span> <span class='ocrx_word' id='word_1_2' title='bbox 517 109 594 161; x_wconf 78' lang='lat' dir='ltr'><em>Cl.</em></span> <span class='ocrx_word' id='word_1_3' title='bbox 629 114 740 163; x_wconf 87' lang='lat' dir='ltr'><em>XV.</em></span> <span class='ocrx_word' id='word_1_4' title='bbox 808 113 1217 179; x_wconf 83' lang='lat' dir='ltr'><em>Tetradynamia.</em></span> 
     </span>
    </p>
   </div>
   <div class='ocr_carea' id='block_1_2' title="bbox 120 234 1648 2395">
    <p class='ocr_par' dir='ltr' id='par_1_2' title="bbox 120 234 1593 2220">
     <span class='ocr_line' id='line_1_2' title="bbox 136 234 1593 307; baseline 0.005 -26"><span class='ocrx_word' id='word_1_5' title='bbox 136 234 248 282; x_wconf 78' lang='lat' dir='ltr'><em>bero</em></span> <span class='ocrx_word' id='word_1_6' title='bbox 291 235 510 291; x_wconf 70' lang='lat' dir='ltr'><em>adamis,</em></span> <span class='ocrx_word' id='word_1_7' title='bbox 556 236 924 293; x_wconf 77' lang='lat' dir='ltr'><em>uniserialibus,</em></span> <span class='ocrx_word' id='word_1_8' title='bbox 966 239 1187 286; x_wconf 84' lang='lat' dir='ltr'><em>alternis.</em></span> <span class='ocrx_word' id='word_1_9' title='bbox 1259 243 1431 307; x_wconf 66' lang='lat' dir='ltr'><em>Sty-lus</em></span> <span class='ocrx_word' id='word_1_10' title='bbox 1466 239 1593 288; x_wconf 74' lang='lat' dir='ltr'><em>elon-</em></span> 
     </span>
     <span class='ocr_line' id='line_1_3' title="bbox 135 323 1591 388; baseline 0.005 -20"><span class='ocrx_word' id='word_1_11' title='bbox 135 334 303 387; x_wconf 74' lang='lat' dir='ltr'><em>gatus,</em></span> <span class='ocrx_word' id='word_1_12' title='bbox 332 323 594 370; x_wconf 78' lang='lat' dir='ltr'><em>subulatus.</em></span> <span class='ocrx_word' id='word_1_13' title='bbox 642 327 887 388; x_wconf 79' lang='lat' dir='ltr'><em>Stigmata</em></span> <span class='ocrx_word' id='word_1_14' title='bbox 911 327 1025 380; x_wconf 87' lang='lat' dir='ltr'><em>duo,</em></span> <span class='ocrx_word' id='word_1_15' title='bbox 1057 325 1298 382; x_wconf 76' lang='lat' dir='ltr'><em>subulata,</em></span> <span class='ocrx_word' id='word_1_16' title='bbox 1329 341 1459 375; x_wconf 81' lang='lat' dir='ltr'><em>arcte</em></span> <span class='ocrx_word' id='word_1_17' title='bbox 1483 346 1591 375; x_wconf 81' lang='lat' dir='ltr'><em>con-</em></span> 
     </span>
     <span class='ocr_line' id='line_1_4' title="bbox 136 410 1592 480; baseline 0.004 -24"><span class='ocrx_word' id='word_1_18' title='bbox 136 412 376 470; x_wconf 74' lang='lat' dir='ltr'><em>niventia,</em></span> <span class='ocrx_word' id='word_1_19' title='bbox 411 413 465 457; x_wconf 90' lang='lat' dir='ltr'><em>in</em></span> <span class='ocrx_word' id='word_1_20' title='bbox 498 410 601 458; x_wconf 81' lang='lat' dir='ltr'><em>basi</em></span> <span class='ocrx_word' id='word_1_21' title='bbox 635 414 839 467; x_wconf 87' lang='lat' dir='ltr'><em>coalita,</em></span> <span class='ocrx_word' id='word_1_22' title='bbox 885 415 1114 475; x_wconf 82' lang='lat' dir='ltr'><em>utrinque</em></span> <span class='ocrx_word' id='word_1_23' title='bbox 1147 416 1276 461; x_wconf 87' lang='lat' dir='ltr'><em>linea</em></span> <span class='ocrx_word' id='word_1_24' title='bbox 1304 418 1592 480; x_wconf 79' lang='lat' dir='ltr'><em>stigmatosa</em></span> 
     </span>
     <span class='ocr_line' id='line_1_5' title="bbox 135 500 1593 564; baseline 0.003 -22"><span class='ocrx_word' id='word_1_25' title='bbox 135 509 323 544; x_wconf 90' lang='lat' dir='ltr'><em>notata.</em></span> <span class='ocrx_word' id='word_1_26' title='bbox 396 500 585 561; x_wconf 85' lang='lat' dir='ltr'><em>Siliqua</em></span> <span class='ocrx_word' id='word_1_27' title='bbox 619 511 796 554; x_wconf 86' lang='lat' dir='ltr'><em>erecta,</em></span> <span class='ocrx_word' id='word_1_28' title='bbox 830 501 941 564; x_wconf 88' lang='lat' dir='ltr'><em>plus</em></span> <span class='ocrx_word' id='word_1_29' title='bbox 975 505 1191 548; x_wconf 74' lang='lat' dir='ltr'><em>minusve</em></span> <span class='ocrx_word' id='word_1_30' title='bbox 1224 514 1455 558; x_wconf 89' lang='lat' dir='ltr'><em>arcuata,</em></span> <span class='ocrx_word' id='word_1_31' title='bbox 1488 503 1593 550; x_wconf 77' lang='lat' dir='ltr'><em>sub-</em></span> 
     </span>
     <span class='ocr_line' id='line_1_6' title="bbox 135 586 1591 652; baseline 0.004 -22"><span class='ocrx_word' id='word_1_32' title='bbox 135 586 654 651; x_wconf 74' lang='lat' dir='ltr'><em>ulam-cylindracea,</em></span> <span class='ocrx_word' id='word_1_33' title='bbox 707 588 955 642; x_wconf 86' lang='lat' dir='ltr'><em>torulosa,</em></span> <span class='ocrx_word' id='word_1_34' title='bbox 1007 589 1354 652; x_wconf 72' lang='lat' dir='ltr'><em>polysperma,</em></span> <span class='ocrx_word' id='word_1_35' title='bbox 1412 591 1591 636; x_wconf 85' lang='lat' dir='ltr'><em>lomen-</em></span> 
     </span>
     <span class='ocr_line' id='line_1_7' title="bbox 133 675 1590 728; baseline 0.004 -11"><span class='ocrx_word' id='word_1_36' title='bbox 133 684 281 718; x_wconf 89' lang='lat' dir='ltr'><em>tacea.</em></span> <span class='ocrx_word' id='word_1_37' title='bbox 353 675 597 720; x_wconf 73' lang='lat' dir='ltr'><em>Valvulae</em></span> <span class='ocrx_word' id='word_1_38' title='bbox 631 690 886 728; x_wconf 69' lang='lat' dir='ltr'><em>concavae,</em></span> <span class='ocrx_word' id='word_1_39' title='bbox 922 690 1068 721; x_wconf 71' lang='lat' dir='ltr'><em>nervo</em></span> <span class='ocrx_word' id='word_1_40' title='bbox 1105 677 1313 721; x_wconf 82' lang='lat' dir='ltr'><em>carinali</em></span> <span class='ocrx_word' id='word_1_41' title='bbox 1348 688 1392 723; x_wconf 89' lang='lat' dir='ltr'><em>et</em></span> <span class='ocrx_word' id='word_1_42' title='bbox 1419 693 1590 723; x_wconf 69' lang='lat' dir='ltr'><em>newu-</em></span> 
     </span>
     <span class='ocr_line' id='line_1_8' title="bbox 133 759 1591 826; baseline 0.003 -22"><span class='ocrx_word' id='word_1_43' title='bbox 133 761 191 805; x_wconf 89' lang='lat' dir='ltr'><em>lis</em></span> <span class='ocrx_word' id='word_1_44' title='bbox 230 759 522 806; x_wconf 70' lang='lat' dir='ltr'><em>lateralibus</em></span> <span class='ocrx_word' id='word_1_45' title='bbox 563 760 688 807; x_wconf 83' lang='lat' dir='ltr'><em>binis</em></span> <span class='ocrx_word' id='word_1_46' title='bbox 730 761 1057 817; x_wconf 75' lang='lat' dir='ltr'><em>subramosis,</em></span> <span class='ocrx_word' id='word_1_47' title='bbox 1100 763 1152 807; x_wconf 86' lang='lat' dir='ltr'><em>in</em></span> <span class='ocrx_word' id='word_1_48' title='bbox 1189 759 1361 826; x_wconf 79' lang='lat' dir='ltr'><em>fructu</em></span> <span class='ocrx_word' id='word_1_49' title='bbox 1395 776 1591 809; x_wconf 84' lang='lat' dir='ltr'><em>maturo</em></span> 
     </span>
     <span class='ocr_line' id='line_1_9' title="bbox 132 849 1592 914; baseline 0.002 -22"><span class='ocrx_word' id='word_1_50' title='bbox 132 864 259 893; x_wconf 88' lang='lat' dir='ltr'><em>nunc</em></span> <span class='ocrx_word' id='word_1_51' title='bbox 291 850 379 894; x_wconf 70' lang='lat' dir='ltr'><em>vinc</em></span> <span class='ocrx_word' id='word_1_52' title='bbox 414 850 702 913; x_wconf 80' lang='lat' dir='ltr'><em>conspicuis,</em></span> <span class='ocrx_word' id='word_1_53' title='bbox 738 866 865 895; x_wconf 89' lang='lat' dir='ltr'><em>nunc</em></span> <span class='ocrx_word' id='word_1_54' title='bbox 897 849 1195 913; x_wconf 87' lang='lat' dir='ltr'><em>prominulis</em></span> <span class='ocrx_word' id='word_1_55' title='bbox 1229 861 1450 905; x_wconf 89' lang='lat' dir='ltr'><em>notatae,</em></span> <span class='ocrx_word' id='word_1_56' title='bbox 1485 866 1592 914; x_wconf 83' lang='lat' dir='ltr'><em>sep-</em></span> 
     </span>
     <span class='ocr_line' id='line_1_10' title="bbox 130 934 1591 984; baseline 0.001 -4"><span class='ocrx_word' id='word_1_57' title='bbox 130 934 247 981; x_wconf 88' lang='lat' dir='ltr'><em>tulis</em></span> <span class='ocrx_word' id='word_1_58' title='bbox 281 935 683 982; x_wconf 67' lang='lat' dir='ltr'><em>transversalibus</em></span> <span class='ocrx_word' id='word_1_59' title='bbox 715 938 767 982; x_wconf 85' lang='lat' dir='ltr'><em>in</em></span> <span class='ocrx_word' id='word_1_60' title='bbox 803 939 1245 983; x_wconf 78' lang='lat' dir='ltr'><em>concamerationes</em></span> <span class='ocrx_word' id='word_1_61' title='bbox 1280 937 1591 984; x_wconf 75' lang='lat' dir='ltr'><em>uniouulatas</em></span> 
     </span>
     <span class='ocr_line' id='line_1_11' title="bbox 129 1022 1591 1087; baseline 0 -18"><span class='ocrx_word' id='word_1_62' title='bbox 129 1024 328 1072; x_wconf 65' lang='lat' dir='ltr'><em>divisae.</em></span> <span class='ocrx_word' id='word_1_63' title='bbox 397 1025 825 1087; x_wconf 68' lang='lat' dir='ltr'><em>Dissepimentum</em></span> <span class='ocrx_word' id='word_1_64' title='bbox 868 1022 1183 1087; x_wconf 87' lang='lat' dir='ltr'><em>completum,</em></span> <span class='ocrx_word' id='word_1_65' title='bbox 1228 1035 1422 1070; x_wconf 72' lang='lat' dir='ltr'><em>externe</em></span> <span class='ocrx_word' id='word_1_66' title='bbox 1455 1024 1591 1070; x_wconf 74' lang='lat' dir='ltr'><em>char-</em></span> 
     </span>
     <span class='ocr_line' id='line_1_12' title="bbox 128 1108 1591 1176; baseline 0 -20"><span class='ocrx_word' id='word_1_67' title='bbox 128 1122 341 1164; x_wconf 85' lang='lat' dir='ltr'><em>taceum,</em></span> <span class='ocrx_word' id='word_1_68' title='bbox 388 1112 523 1156; x_wconf 84' lang='lat' dir='ltr'><em>intus</em></span> <span class='ocrx_word' id='word_1_69' title='bbox 544 1108 1123 1176; x_wconf 72' lang='lat' dir='ltr'><em>fibroso-spongiosum,</em></span> <span class='ocrx_word' id='word_1_70' title='bbox 1169 1127 1193 1157; x_wconf 90' lang='lat' dir='ltr'><em>e</em></span> <span class='ocrx_word' id='word_1_71' title='bbox 1221 1110 1433 1157; x_wconf 88' lang='lat' dir='ltr'><em>lamellis</em></span> <span class='ocrx_word' id='word_1_72' title='bbox 1466 1110 1591 1157; x_wconf 72' lang='lat' dir='ltr'><em>binis</em></span> 
     </span>
     <span class='ocr_line' id='line_1_13' title="bbox 128 1195 1591 1260; baseline 0 -16"><span class='ocrx_word' id='word_1_73' title='bbox 128 1195 394 1260; x_wconf 86' lang='lat' dir='ltr'><em>conflatum</em></span> <span class='ocrx_word' id='word_1_74' title='bbox 403 1212 419 1250; x_wconf 83' lang='grc'><em>,·</em></span> <span class='ocrx_word' id='word_1_75' title='bbox 456 1201 650 1259; x_wconf 73' lang='lat' dir='ltr'><em>quaevis</em></span> <span class='ocrx_word' id='word_1_76' title='bbox 677 1196 880 1243; x_wconf 88' lang='lat' dir='ltr'><em>lamella</em></span> <span class='ocrx_word' id='word_1_77' title='bbox 909 1213 1016 1243; x_wconf 88' lang='lat' dir='ltr'><em>cum</em></span> <span class='ocrx_word' id='word_1_78' title='bbox 1043 1199 1212 1260; x_wconf 72' lang='lat' dir='ltr'><em>quavis</em></span> <span class='ocrx_word' id='word_1_79' title='bbox 1234 1197 1439 1250; x_wconf 60' lang='lat' dir='ltr'><em>valvula</em></span> <span class='ocrx_word' id='word_1_80' title='bbox 1459 1211 1591 1244; x_wconf 84' lang='lat' dir='ltr'><em>arcte</em></span> 
     </span>
     <span class='ocr_line' id='line_1_14' title="bbox 127 1284 1591 1349; baseline -0.001 -17"><span class='ocrx_word' id='word_1_81' title='bbox 127 1297 352 1339; x_wconf 89' lang='lat' dir='ltr'><em>connata,</em></span> <span class='ocrx_word' id='word_1_82' title='bbox 381 1285 576 1330; x_wconf 85' lang='lat' dir='ltr'><em>demum</em></span> <span class='ocrx_word' id='word_1_83' title='bbox 603 1296 883 1331; x_wconf 70' lang='lat' dir='ltr'><em>transverse</em></span> <span class='ocrx_word' id='word_1_84' title='bbox 908 1288 962 1330; x_wconf 87' lang='lat' dir='ltr'><em>in</em></span> <span class='ocrx_word' id='word_1_85' title='bbox 985 1284 1313 1330; x_wconf 86' lang='lat' dir='ltr'><em>loculamenta</em></span> <span class='ocrx_word' id='word_1_86' title='bbox 1343 1285 1591 1349; x_wconf 84' lang='lat' dir='ltr'><em>permulta</em></span> 
     </span>
     <span class='ocr_line' id='line_1_15' title="bbox 125 1358 1589 1427; baseline 0.001 -10"><span class='ocrx_word' id='word_1_87' title='bbox 125 1371 380 1419; x_wconf 77' lang='lat' dir='ltr'><em>biserialia</em></span> <span class='ocrx_word' id='word_1_88' title='bbox 411 1372 642 1418; x_wconf 88' lang='lat' dir='ltr'><em>secedens.</em></span> <span class='ocrx_word' id='word_1_89' title='bbox 689 1358 1043 1418; x_wconf 58' lang='lat' dir='ltr'><em>Loculaitzenta</em></span> <span class='ocrx_word' id='word_1_90' title='bbox 1075 1372 1261 1427; x_wconf 84' lang='lat' dir='ltr'><em>clausa,</em></span> <span class='ocrx_word' id='word_1_91' title='bbox 1294 1372 1589 1418; x_wconf 78' lang='lat' dir='ltr'><em>indehiscen-</em></span> 
     </span>
     <span class='ocr_line' id='line_1_16' title="bbox 125 1458 1586 1524; baseline -0.001 -18"><span class='ocrx_word' id='word_1_92' title='bbox 125 1462 213 1515; x_wconf 85' lang='lat' dir='ltr'><em>tia,</em></span> <span class='ocrx_word' id='word_1_93' title='bbox 246 1458 556 1523; x_wconf 77' lang='lat' dir='ltr'><em>sublignosa,</em></span> <span class='ocrx_word' id='word_1_94' title='bbox 592 1474 959 1520; x_wconf 77' lang='lat' dir='ltr'><em>monosperma‚</em></span> <span class='ocrx_word' id='word_1_95' title='bbox 998 1458 1238 1522; x_wconf 84' lang='lat' dir='ltr'><em>elliptica,</em></span> <span class='ocrx_word' id='word_1_96' title='bbox 1272 1459 1385 1506; x_wconf 84' lang='lat' dir='ltr'><em>hinc</em></span> <span class='ocrx_word' id='word_1_97' title='bbox 1412 1459 1586 1524; x_wconf 84' lang='lat' dir='ltr'><em>plana,</em></span> 
     </span>
     <span class='ocr_line' id='line_1_17' title="bbox 126 1545 1586 1609; baseline 0.001 -17"><span class='ocrx_word' id='word_1_98' title='bbox 126 1547 265 1593; x_wconf 87' lang='lat' dir='ltr'><em>illinc</em></span> <span class='ocrx_word' id='word_1_99' title='bbox 299 1561 527 1599; x_wconf 67' lang='lat' dir='ltr'><em>convexa,</em></span> <span class='ocrx_word' id='word_1_100' title='bbox 563 1561 670 1590; x_wconf 85' lang='lat' dir='ltr'><em>cum</em></span> <span class='ocrx_word' id='word_1_101' title='bbox 702 1547 896 1608; x_wconf 79' lang='lat' dir='ltr'><em>pagina</em></span> <span class='ocrx_word' id='word_1_102' title='bbox 931 1547 1126 1591; x_wconf 89' lang='lat' dir='ltr'><em>interna</em></span> <span class='ocrx_word' id='word_1_103' title='bbox 1157 1545 1317 1609; x_wconf 86' lang='lat' dir='ltr'><em>plana</em></span> <span class='ocrx_word' id='word_1_104' title='bbox 1352 1548 1408 1607; x_wconf 91' lang='lat' dir='ltr'><em>(e</em></span> <span class='ocrx_word' id='word_1_105' title='bbox 1436 1548 1586 1593; x_wconf 74' lang='lat' dir='ltr'><em>disse·</em></span> 
     </span>
     <span class='ocr_line' id='line_1_18' title="bbox 123 1631 1585 1699; baseline 0.001 -20"><span class='ocrx_word' id='word_1_106' title='bbox 123 1635 330 1699; x_wconf 76' lang='lat' dir='ltr'><em>pimenti</em></span> <span class='ocrx_word' id='word_1_107' title='bbox 363 1631 568 1678; x_wconf 89' lang='lat' dir='ltr'><em>lamella</em></span> <span class='ocrx_word' id='word_1_108' title='bbox 603 1634 742 1690; x_wconf 87' lang='lat' dir='ltr'><em>orta)</em></span> <span class='ocrx_word' id='word_1_109' title='bbox 772 1647 878 1678; x_wconf 76' lang='lat' dir='ltr'><em>sese</em></span> <span class='ocrx_word' id='word_1_110' title='bbox 905 1634 1104 1678; x_wconf 70' lang='lat' dir='ltr'><em>invicem</em></span> <span class='ocrx_word' id='word_1_111' title='bbox 1128 1637 1400 1698; x_wconf 77' lang='lat' dir='ltr'><em>tangentia,</em></span> <span class='ocrx_word' id='word_1_112' title='bbox 1435 1635 1585 1680; x_wconf 87' lang='lat' dir='ltr'><em>alter-</em></span> 
     </span>
     <span class='ocr_line' id='line_1_19' title="bbox 125 1716 1584 1785; baseline 0.001 -18"><span class='ocrx_word' id='word_1_113' title='bbox 125 1722 315 1768; x_wconf 82' lang='lat' dir='ltr'><em>nantia.</em></span> <span class='ocrx_word' id='word_1_114' title='bbox 384 1719 644 1765; x_wconf 90' lang='lat' dir='ltr'><em>Placentae</em></span> <span class='ocrx_word' id='word_1_115' title='bbox 677 1716 1053 1785; x_wconf 78' lang='lat' dir='ltr'><em>subfiliformes,</em></span> <span class='ocrx_word' id='word_1_116' title='bbox 1096 1722 1150 1765; x_wconf 89' lang='lat' dir='ltr'><em>in</em></span> <span class='ocrx_word' id='word_1_117' title='bbox 1173 1718 1353 1783; x_wconf 82' lang='lat' dir='ltr'><em>fructu</em></span> <span class='ocrx_word' id='word_1_118' title='bbox 1387 1735 1584 1769; x_wconf 79' lang='lat' dir='ltr'><em>maturo</em></span> 
     </span>
     <span class='ocr_line' id='line_1_20' title="bbox 120 1806 1584 1873; baseline 0.002 -20"><span class='ocrx_word' id='word_1_119' title='bbox 120 1809 447 1873; x_wconf 77' lang='lat' dir='ltr'><em>persistentes,</em></span> <span class='ocrx_word' id='word_1_120' title='bbox 492 1821 593 1851; x_wconf 78' lang='lat' dir='ltr'><em>non</em></span> <span class='ocrx_word' id='word_1_121' title='bbox 627 1822 735 1850; x_wconf 87' lang='lat' dir='ltr'><em>cum</em></span> <span class='ocrx_word' id='word_1_122' title='bbox 766 1806 979 1853; x_wconf 69' lang='lat' dir='ltr'><em>valvulis</em></span> <span class='ocrx_word' id='word_1_123' title='bbox 1015 1819 1059 1853; x_wconf 92' lang='lat' dir='ltr'><em>et</em></span> <span class='ocrx_word' id='word_1_124' title='bbox 1095 1808 1433 1872; x_wconf 85' lang='lat' dir='ltr'><em>dissepimento</em></span> <span class='ocrx_word' id='word_1_125' title='bbox 1470 1827 1584 1856; x_wconf 82' lang='lat' dir='ltr'><em>sece-</em></span> 
     </span>
     <span class='ocr_line' id='line_1_21' title="bbox 124 1893 1585 1961; baseline 0.001 -20"><span class='ocrx_word' id='word_1_126' title='bbox 124 1897 300 1941; x_wconf 79' lang='lat' dir='ltr'><em>dentes.</em></span> <span class='ocrx_word' id='word_1_127' title='bbox 381 1895 580 1939; x_wconf 85' lang='lat' dir='ltr'><em>Semina</em></span> <span class='ocrx_word' id='word_1_128' title='bbox 621 1893 840 1956; x_wconf 85' lang='lat' dir='ltr'><em>pendula</em></span> <span class='ocrx_word' id='word_1_129' title='bbox 886 1893 1126 1958; x_wconf 86' lang='lat' dir='ltr'><em>elliptica‚</em></span> <span class='ocrx_word' id='word_1_130' title='bbox 1169 1895 1354 1958; x_wconf 88' lang='lat' dir='ltr'><em>plana,</em></span> <span class='ocrx_word' id='word_1_131' title='bbox 1393 1899 1585 1961; x_wconf 87' lang='lat' dir='ltr'><em>saepius</em></span> 
     </span>
     <span class='ocr_line' id='line_1_22' title="bbox 122 1981 1585 2045; baseline 0 -16"><span class='ocrx_word' id='word_1_132' title='bbox 122 1981 507 2044; x_wconf 76' lang='lat' dir='ltr'><em>immarginata‚</em></span> <span class='ocrx_word' id='word_1_133' title='bbox 550 1984 715 2026; x_wconf 85' lang='lat' dir='ltr'><em>rarius</em></span> <span class='ocrx_word' id='word_1_134' title='bbox 761 1982 1072 2045; x_wconf 74' lang='lat' dir='ltr'><em>marginata,</em></span> <span class='ocrx_word' id='word_1_135' title='bbox 1115 1993 1236 2028; x_wconf 87' lang='lat' dir='ltr'><em>testa</em></span> <span class='ocrx_word' id='word_1_136' title='bbox 1278 1981 1585 2029; x_wconf 75' lang='lat' dir='ltr'><em>membrana-</em></span> 
     </span>
     <span class='ocr_line' id='line_1_23' title="bbox 124 2067 1583 2133; baseline 0.002 -18"><span class='ocrx_word' id='word_1_137' title='bbox 124 2086 204 2115; x_wconf 87' lang='lat' dir='ltr'><em>cea</em></span> <span class='ocrx_word' id='word_1_138' title='bbox 240 2067 366 2113; x_wconf 70' lang='lat' dir='ltr'><em>laevi</em></span> <span class='ocrx_word' id='word_1_139' title='bbox 399 2069 653 2113; x_wconf 77' lang='lat' dir='ltr'><em>instructa.</em></span> <span class='ocrx_word' id='word_1_140' title='bbox 728 2067 1058 2132; x_wconf 76' lang='lat' dir='ltr'><em>Cotyledones</em></span> <span class='ocrx_word' id='word_1_141' title='bbox 1089 2068 1294 2132; x_wconf 84' lang='lat' dir='ltr'><em>planae,</em></span> <span class='ocrx_word' id='word_1_142' title='bbox 1330 2069 1583 2133; x_wconf 84' lang='lat' dir='ltr'><em>ellipticae,</em></span> 
     </span>
     <span class='ocr_line' id='line_1_24' title="bbox 120 2154 1583 2220; baseline 0.001 -17"><span class='ocrx_word' id='word_1_143' title='bbox 120 2155 483 2220; x_wconf 79' lang='lat' dir='ltr'><em>integerrimae.</em></span> <span class='ocrx_word' id='word_1_144' title='bbox 550 2154 789 2200; x_wconf 84' lang='lat' dir='ltr'><em>Radicula</em></span> <span class='ocrx_word' id='word_1_145' title='bbox 821 2157 1129 2211; x_wconf 78' lang='lat' dir='ltr'><em>adscendens,</em></span> <span class='ocrx_word' id='word_1_146' title='bbox 1164 2156 1476 2220; x_wconf 76' lang='lat' dir='ltr'><em>longitudine</em></span> <span class='ocrx_word' id='word_1_147' title='bbox 1510 2175 1583 2204; x_wconf 91' lang='lat' dir='ltr'><em>co-</em></span> 
     </span>
    </p>

    <p class='ocr_par' dir='ltr' id='par_1_3' title="bbox 120 2227 1648 2395">
     <span class='ocr_line' id='line_1_25' title="bbox 122 2227 1648 2309; baseline 0.001 -19"><span class='ocrx_word' id='word_1_148' title='bbox 122 2243 436 2309; x_wconf 78' lang='lat' dir='ltr'><em>tyledonum,</em></span> <span class='ocrx_word' id='word_1_149' title='bbox 473 2257 600 2286; x_wconf 89' lang='lat' dir='ltr'><em>nunc</em></span> <span class='ocrx_word' id='word_1_150' title='bbox 635 2254 797 2288; x_wconf 74' lang='lat' dir='ltr'><em>exacte</em></span> <span class='ocrx_word' id='word_1_151' title='bbox 829 2241 1045 2298; x_wconf 83' lang='lat' dir='ltr'><em>rimalis‚</em></span> <span class='ocrx_word' id='word_1_152' title='bbox 1088 2259 1214 2288; x_wconf 91' lang='lat' dir='ltr'><em>nunc</em></span> <span class='ocrx_word' id='word_1_153' title='bbox 1250 2241 1474 2306; x_wconf 78' lang='lat' dir='ltr'><em>obliqua,</em></span> <span class='ocrx_word' id='word_1_154' title='bbox 1509 2261 1582 2291; x_wconf 90' lang='lat' dir='ltr'><em>co·</em></span> <span class='ocrx_word' id='word_1_155' title='bbox 1646 2227 1648 2229; x_wconf 17' lang='grc' dir='ltr'><strong><em>ι</em></strong></span> 
     </span>
     <span class='ocr_line' id='line_1_26' title="bbox 120 2322 1645 2395; baseline 0.001 -19"><span class='ocrx_word' id='word_1_156' title='bbox 120 2329 413 2395; x_wconf 71' lang='lat' dir='ltr'><em>tyledonum</em></span> <span class='ocrx_word' id='word_1_157' title='bbox 456 2327 659 2374; x_wconf 80' lang='lat' dir='ltr'><em>limbum</em></span> <span class='ocrx_word' id='word_1_158' title='bbox 696 2328 833 2394; x_wconf 86' lang='lat' dir='ltr'><em>(fere</em></span> <span class='ocrx_word' id='word_1_159' title='bbox 867 2342 921 2375; x_wconf 91' lang='lat' dir='ltr'><em>ut</em></span> <span class='ocrx_word' id='word_1_160' title='bbox 955 2332 1008 2375; x_wconf 86' lang='lat' dir='ltr'><em>in</em></span> <span class='ocrx_word' id='word_1_161' title='bbox 1043 2328 1430 2393; x_wconf 83' lang='lat' dir='ltr'><em>Ochthodio)</em></span> <span class='ocrx_word' id='word_1_162' title='bbox 1473 2344 1580 2377; x_wconf 87' lang='lat' dir='ltr'><em>tan·</em></span> <span class='ocrx_word' id='word_1_163' title='bbox 1644 2322 1645 2325; x_wconf 23' lang='lat'>¹</span> 
     </span>
    </p>
   </div>
   <div class='ocr_carea' id='block_1_3' title="bbox 121 2433 256 2482">
    <p class='ocr_par' dir='ltr' id='par_1_4' title="bbox 121 2433 256 2482">
     <span class='ocr_line' id='line_1_27' title="bbox 121 2433 256 2482; baseline -0.007 -19"><span class='ocrx_word' id='word_1_164' title='bbox 121 2433 256 2482; x_wconf 70' lang='lat' dir='ltr'><em>gens-</em></span> 
     </span>
    </p>
   </div>
   <div class='ocr_carea' id='block_1_4' title="bbox 261 2502 1648 2566">
    <p class='ocr_par' dir='ltr' id='par_1_5' title="bbox 261 2502 1648 2566">
     <span class='ocr_line' id='line_1_28' title="bbox 261 2502 1648 2566; baseline 0.004 -16"><span class='ocrx_word' id='word_1_165' title='bbox 261 2505 424 2550; x_wconf 86' lang='lat' dir='ltr'><em>Genus</em></span> <span class='ocrx_word' id='word_1_166' title='bbox 467 2502 901 2558; x_wconf 83' lang='lat' dir='ltr'><em>distinctissimum‚</em></span> <span class='ocrx_word' id='word_1_167' title='bbox 955 2521 989 2549; x_wconf 90' lang='lat' dir='ltr'><em>a</em></span> <span class='ocrx_word' id='word_1_168' title='bbox 1032 2503 1322 2566; x_wconf 84' lang='lat' dir='ltr'><em>Raphano</em></span> <span class='ocrx_word' id='word_1_169' title='bbox 1374 2517 1419 2550; x_wconf 92' lang='lat' dir='ltr'><em>et</em></span> <span class='ocrx_word' id='word_1_170' title='bbox 1466 2505 1578 2552; x_wconf 80' lang='lat' dir='ltr'><em>Ra·</em></span> <span class='ocrx_word' id='word_1_171' title='bbox 1645 2553 1648 2556; x_wconf 14' lang='grc' dir='ltr'><em>Α</em></span> 
     </span>
    </p>
   </div>
   <div class='ocr_carea' id='block_1_5' title="bbox 122 2589 1579 2652">
    <p class='ocr_par' dir='ltr' id='par_1_6' title="bbox 122 2589 1579 2652">
     <span class='ocr_line' id='line_1_29' title="bbox 122 2589 1579 2652; baseline 0.001 -16"><span class='ocrx_word' id='word_1_172' title='bbox 122 2589 461 2652; x_wconf 82' lang='lat' dir='ltr'><em>phanistro</em></span> <span class='ocrx_word' id='word_1_173' title='bbox 506 2607 605 2636; x_wconf 89' lang='lat' dir='ltr'><em>non</em></span> <span class='ocrx_word' id='word_1_174' title='bbox 647 2589 808 2636; x_wconf 88' lang='lat' dir='ltr'><em>solum</em></span> <span class='ocrx_word' id='word_1_175' title='bbox 851 2589 1103 2636; x_wconf 85' lang='lat' dir='ltr'><em>radiculae</em></span> <span class='ocrx_word' id='word_1_176' title='bbox 1143 2593 1268 2646; x_wconf 75' lang='lat' dir='ltr'><em>situ,</em></span> <span class='ocrx_word' id='word_1_177' title='bbox 1307 2592 1389 2638; x_wconf 86' lang='lat' dir='ltr'><em>sed</em></span> <span class='ocrx_word' id='word_1_178' title='bbox 1433 2593 1579 2638; x_wconf 87' lang='lat' dir='ltr'><em>etiam</em></span> 
     </span>
    </p>
   </div>
   <div class='ocr_carea' id='block_1_6' title="bbox 124 2673 1421 2741">
    <p class='ocr_par' dir='ltr' id='par_1_7' title="bbox 124 2673 1421 2741">
     <span class='ocr_line' id='line_1_30' title="bbox 124 2673 1421 2741; baseline 0 -19"><span class='ocrx_word' id='word_1_179' title='bbox 124 2686 230 2722; x_wconf 85' lang='lat' dir='ltr'><em>tota</em></span> <span class='ocrx_word' id='word_1_180' title='bbox 250 2673 452 2741; x_wconf 82' lang='lat' dir='ltr'><em>fructus</em></span> <span class='ocrx_word' id='word_1_181' title='bbox 484 2689 728 2726; x_wconf 72' lang='lat' dir='ltr'><em>structura</em></span> <span class='ocrx_word' id='word_1_182' title='bbox 760 2694 911 2740; x_wconf 86' lang='lat' dir='ltr'><em>quam</em></span> <span class='ocrx_word' id='word_1_183' title='bbox 944 2679 1158 2725; x_wconf 75' lang='lat' dir='ltr'><em>maxime</em></span> <span class='ocrx_word' id='word_1_184' title='bbox 1190 2680 1421 2726; x_wconf 78' lang='lat' dir='ltr'><em>recedens.</em></span> 
     </span>
    </p>
   </div>
  </div>
 </body>
</html>
