1648 2989
95 116 197 167 264
500 115 576 166 Cl.
613 117 770 166 XVII.
840 116 1157 182 Diadelphia.

214 241 472 297 Aspalathus
501 243 737 281 frutescens
776 239 917 295 pinnis
956 242 1157 282 foliorum
1186 241 1464 283 crebrioribus
1494 243 1569 282 ob-

272 317 425 368 longis.
485 315 686 357 Amman.
719 320 829 356 ruth.
861 333 904 371 p.
935 315 1034 358 210.
1066 318 1150 358 Νο·.
1181 316 1278 358 285.

103 392 215 434 Hah.
245 391 292 432 in
321 392 526 432 fruticetis
557 401 599 432 et
629 392 862 432 nemorosis
893 391 947 431 ad
976 394 1103 433 latera
1135 394 1346 433 montium
1376 395 1573 450 frequen—

159 469 325 509 tissima
358 469 430 524 (L.
461 468 530 509 M.
561 467 656 523 R.);
695 468 740 508 in
782 470 1015 524 praeruptis
1049 468 1102 509 ad
1131 470 1175 511 ss.
1211 469 1280 511 Ob
1310 484 1440 526 prope
1471 469 1574 510 Bar-

159 546 262 586 naul
291 544 494 599 (Patrin).
552 543 615 584 Fl.
650 544 751 596 Maj.
800 545 862 593 ἦ.

215 620 352 672 Hujus
383 629 428 662 et
456 619 746 661 antecedentis
778 622 900 674 calyx
930 621 1180 663 brevissime
1211 621 1425 662 dentatus.

510 703 556 757 3)
609 704 848 747 CARAGANA
879 703 1062 747 BUNGm.
1114 723 1171 749 m.

106 777 165 830 C.
187 779 371 829 foliolis
394 782 716 846 2——3-jugis
745 782 1044 831 distantibus
1074 780 1450 845 lato-ellipticis
1470 780 1578 828 basi

170 867 489 916 subcuneatis
515 869 657 933 apice
685 869 1236 918 rotundato-truncatis
1266 877 1579 915 mucronato-

172 955 439 1017 spinulosis
477 956 772 1005 subcostatis
803 957 1037 1019 utrinque
1072 955 1370 1004 subserioeis
1405 971 1580 1001 conco-

171 1041 376 1100 loribus,
412 1043 610 1106 stipulis
646 1043 1156 1108 patenti-recurvatis
1187 1042 1579 1106 spinesoentibus

171 1129 574 1192 persistentibus,
611 1130 806 1193 petiolis
837 1131 1171 1195 pungentibus
1207 1127 1455 1189 deciduis,
1499 1147 1580 1192 pe-

174 1214 390 1263 dunculo
426 1216 743 1275 subsolitario
781 1219 1056 1282 calyceque
1087 1217 1383 1266 subsericeO.

219 1300 267 1343 C.
298 1300 478 1354 Bungei.
539 1304 692 1345 Ledeb.
725 1304 786 1344 Ic.
816 1309 876 1360 pl.
909 1305 972 1345 Fl.
1005 1319 1111 1346 ross,
1143 1307 1217 1344 alt.
1246 1306 1396 1343 illustr.
1430 1308 1458 1341 t.
1478 1299 1576 1340 464.

106 1376 218 1419 Hah.
250 1378 296 1418 in
338 1377 505 1419 deserto
534 1378 771 1421 Kuraicum
810 1381 922 1421 dicto
962 1388 1002 1420 et
1039 1381 1084 1420 in
1115 1380 1279 1420 deserto
1311 1377 1426 1419 edito
1464 1379 1582 1428 juxta

161 1453 210 1497 fl.
240 1452 427 1506 Tschuja
457 1470 645 1511 expanso
677 1458 773 1509 (B.)
805 1458 867 1498 Fl.
899 1457 998 1497 Jun.
1038 1459 1099 1506 ἦ.

218 1529 429 1571 Frutex
464 1529 820 1588 3-5-pedalis,
863 1533 1192 1573 ramosissimus.
1254 1528 1454 1571 Cortex
1491 1541 1583 1568 sor-

106 1602 207 1646 dide
246 1606 408 1659 luteus,
449 1605 566 1648 fibris
607 1608 754 1648 crassis
793 1608 972 1649 cinei-eis
1006 1609 1141 1648 tribus
1179 1620 1203 1646 e
1234 1606 1382 1661 quavis
1414 1617 1582 1656 gemma

105 1679 306 1722 deorsum
336 1681 389 1722 ad
420 1697 610 1735 gemmas
640 1684 863 1724 inferiores
893 1683 1225 1734 decurrentibus,
1259 1681 1434 1721 demum
1465 1694 1582 1720 sece-

105 1755 302 1798 dentibus
334 1758 553 1801 obductus.
615 1758 867 1801 Gammae
896 1774 1088 1817 sparsae,
1119 1761 1312 1810 crebrae,
1354 1772 1409 1797 ex
1439 1758 1581 1798 axillis

105 1833 359 1887 stipularum
388 1835 491 1875 anni
519 1836 750 1892 praeteriti,
786 1850 894 1892 quae
924 1838 970 1877 in
1001 1837 1144 1892 spinas
1174 1833 1339 1876 validas
1369 1832 1504 1874 4-6
1528 1834 1582 1873 li-

106 1922 213 1949 neas
252 1909 401 1961 longas
438 1913 885 1967 patenti-recurvatas
926 1913 1060 1954 rarius
1099 1911 1367 1952 rectiusculas
1395 1917 1584 1950 mutatae

106 1991 221 2036 sunt,
252 1992 416 2037 enatae,
446 1986 549 2027 folia
579 1994 621 2027 et
649 1988 778 2030 flores
807 1990 1007 2031 ferentes.
1054 1988 1205 2029 Folia
1235 2001 1259 2027 e
1289 1986 1468 2038 gemmis
1495 1987 1584 2025 fas-

107 2060 284 2101 ciculata
303 2063 573 2116 proveniunt,
598 2062 771 2105 demum
795 2080 951 2122 sparsa,
982 2067 1154 2119 abrupte
1173 2064 1362 2118 pinnata,
1394 2063 1583 2116 plerum-

107 2149 191 2192 que
218 2136 296 2189 2-‚
327 2136 460 2177 rarius
486 2138 665 2192 3-juga.
709 2140 907 2182 Rachis
936 2140 1132 2198 adpresse
1153 2140 1298 2195 pilosa,
1333 2138 1581 2189 subsericea‚

105 2212 152 2254 in
183 2211 351 2269 spinam
379 2212 497 2268 apice
529 2215 716 2266 glabram
746 2217 967 2268 elongata,
1014 2215 1142 2270 paulo
1172 2221 1266 2270 post
1294 2214 1440 2253 foliola
1470 2211 1583 2253 deci-

108 2286 193 2330 dua
221 2302 322 2340 nec,
352 2288 415 2330 uti
443 2288 653 2345 stipulae,
684 2292 928 2346 persistens.
988 2290 1218 2331 Foliola
1255 2290 1471 2347 opposita,
1508 2303 1583 2345 per

108 2364 230 2421 paria
259 2363 486 2418 distantia,
517 2366 848 2423 lato-elliptica,
882 2364 1105 2407 latitudine
1138 2365 1319 2407 subinde
1348 2365 1582 2418 longitudi-

112 2454 216 2483 nem
245 2447 479 2497 aequante,
515 2441 636 2499 apice
664 2442 888 2484 rotundam
918 2450 991 2483 aut
1019 2450 1229 2495 truncata,
1267 2456 1467 2483 mucrone
1495 2441 1583 2496 spi-

113 2524 313 2559 nescente
341 2518 588 2570 terminata,
619 2518 710 2559 basi
740 2520 911 2574 saepius
941 2532 1095 2575 parum
1123 2526 1364 2571 angustata,
1395 2519 1582 2569 integer-

109 2593 230 2645 rima,
260 2595 514 2645 sub-eostam,
546 2596 785 2645 concolora,
817 2596 1016 2651 utrinque
1044 2594 1241 2652 adpresse
1270 2596 1404 2651 pilosa
1433 2596 1580 2634 subse·

112 2670 237 2721 ricea‚
267 2668 401 2711 4-6
420 2671 556 2711 lineas
588 2673 726 2723 longa,
756 2670 1035 2713 3—4lineas
1063 2673 1163 2712 lata.
1207 2671 1393 2712 Flores
1423 2684 1447 2710 e
1478 2683 1581 2724 qua-

112 2744 176 2786 vis
206 2758 376 2797 gemma
405 2747 605 2799 solitarii,
643 2747 857 2789 rarissime
887 2748 1068 2802 gemini,
1097 2746 1391 2804 pedunculati,
1423 2745 1578 2787 cernui.
