1648 2989
115 121 196 174 8¹2,
504 115 582 168 Cl.
618 120 730 169 XV.
801 119 1219 185 Tetradynamia.

287 243 438 284 Patrin
469 243 528 283 FI.
561 243 894 296 barna1d2Mss.
930 266 981 274 —
1021 244 1126 284 Falli:
1157 254 1317 299 topogr.
1351 245 1495 299 Beytr.
1529 245 1592 286 Il.

281 335 328 374 p.
359 318 460 360 214.
496 343 551 350 —

121 396 229 437 Hab.
263 396 307 436 in
339 397 601 452 rupestribus
633 398 848 437 montium
879 404 922 437 et
952 398 1126 438 collium
1157 397 1314 454 ubique
1344 398 1418 454 (L.
1435 398 1501 440 M.
1525 396 1602 453 B.)

177 492 234 501 —-
264 471 326 512 Fl.
359 472 682 528 April.—Jun.
734 474 797 520 ἅ.
832 477 896 518 ΖΙ..
1507 482 1512 485 “

235 548 385 590 Variat
414 550 516 604 pilis
547 549 811 604 simplicibus
832 548 1039 601 elongatis
1064 548 1369 606 copiosioribus
1399 550 1469 590 vel
1500 563 1606 605 pau-

127 624 307 666 cioribus
344 625 445 679 (sed
484 626 527 665 in
568 627 771 666 foliorum
801 626 993 678 margine
1023 633 1066 665 et
1094 627 1137 666 in
1171 628 1324 683 sepelis
1354 626 1466 667 haud
1500 626 1606 667 defi-

128 700 378 755 cientibus).
441 701 594 742 Variat
635 702 790 753 etiam,
828 716 904 757 pro
943 703 1035 742 solo
1072 702 1221 754 natali,
1266 711 1423 744 statura
1463 703 1606 743 humi-

127 779 234 818 liore
264 779 335 819 vel
367 778 530 830 altiore,
562 780 679 819 caule
711 778 971 834 simpliciore
995 779 1068 820 vel
1092 779 1337 832 ramosiore,
1367 780 1482 821 soliis
1500 794 1607 836 pau-

131 856 313 895 cioribus
334 855 403 894 vel
424 854 746 909 copiosioribus,
778 854 989 910 profunde
1019 863 1062 895 et
1085 858 1237 897 crebre
1267 855 1449 896 dentatis
1481 855 1608 907 (den-

129 931 240 971 tibus
271 931 429 970 lineam
460 932 548 970 fere
580 932 738 983 longis)
774 933 844 971 vel
874 931 1071 973 dentibus
1114 933 1376 973 brevioribus
1416 939 1460 972 et
1498 946 1607 988 pau-

133 1008 312 1048 cioribus
352 1007 532 1059 notatis,
574 1007 709 1047 immo
747 1008 1124 1060 subintegerrimis.
1183 1008 1359 1051 Radix
1398 1024 1511 1049 nunc
1540 1008 1607 1049 bi-

132 1087 201 1124 vel
233 1084 432 1134 triennis,
474 1098 585 1123 nunc
615 1082 839 1124 evidenter
869 1085 1091 1140 perennis,
1135 1098 1190 1125 ex
1222 1085 1313 1126 basi
1342 1086 1472 1125 caulis
1503 1099 1607 1140 pro-

134 1161 309 1215 pagines
340 1174 473 1200 novas
504 1161 644 1200 rosula
678 1168 895 1202 coronatas
927 1161 1192 1217 protrudens.
1250 1161 1479 1203 Tolluntur
1508 1175 1608 1215 ergo

136 1234 292 1278 limites
323 1237 434 1277 inter
464 1234 851 1278 Leucadrabas
883 1246 923 1278 et
954 1238 1232 1292 Holarges.

248 1313 438 1355 Petala
469 1315 584 1365 alba,
617 1315 743 1353 breve
774 1315 1066 1368 unguiculata,
1107 1317 1245 1369 calyce
1274 1313 1481 1370 subduplo
1510 1313 1608 1353 lon·-

135 1391 276 1443 giora,
316 1390 806 1445 oblongo-spathulata,
848 1391 1150 1441 erectiuscula‚
1185 1393 1306 1448 apice
1335 1391 1606 1443 emarginata‚

137 1469 290 1523 patula.
337 1465 606 1507 Glandula
634 1467 796 1507 minuta
832 1468 1028 1524 utrinque
1059 1469 1111 1510 ad
1143 1469 1261 1510 basin
1291 1470 1606 1509 filamentorum

136 1545 393 1584 breviorum.
451 1542 768 1584 Filamenta
799 1543 942 1596 libera,
974 1544 1185 1598 edentula,
1217 1547 1307 1586 basi
1337 1547 1608 1586 membrana·
1647 1562 1648 1565 ¹

139 1618 444 1661 ceo-dilatata.
513 1618 803 1660 Antherae
842 1622 1144 1674 ocbroleucae,
1192 1637 1372 1678 parvae,
1417 1620 1610 1661 cordato·-

136 1696 484 1738 suborbiculatae.
541 1695 807 1738 Ovarium
836 1698 1101 1750 longitudine
1130 1701 1373 1740 staminum.
1421 1698 1607 1750 stylus

138 1786 314 1824 crassus,
346 1771 619 1826 cylindricus,
649 1773 677 1828 }
706 1774 780 1814 lin.
811 1775 988 1826 longus,
1020 1777 1217 1827 stigmate
1248 1775 1510 1830 subcapitato
1540 1774 1609 1813 in·
1647 1796 1648 1803 κ

136 1857 258 1901 tegro
287 1848 553 1892 terminatus.
611 1849 855 1890 Silicula
885 1850 932 1890 in
962 1859 1101 1892 nostra
1131 1853 1278 1893 altaica
1308 1854 1449 1909 planta
1480 1863 1607 1905 saepe

135 1922 264 1981 paulo
294 1925 470 1978 longior,
501 1924 659 1978 (3—4
689 1926 761 1967 lin.
793 1925 940 1979 longa)
970 1935 1012 1967 et
1042 1930 1259 1981 angustior
1291 1927 1385 1982 (vix
1415 1929 1525 1968 ultra
1554 1926 1607 1966 li-

136 2015 260 2041 neam
293 2002 424 2053 lata),
465 2016 592 2057 quam
632 2003 676 2043 in
716 2003 1019 2058 speciminibus
1059 2006 1234 2046 suecicis
1274 2004 1328 2059 (3
1360 2007 1434 2046 lin.
1464 2004 1605 2056 longa,

136 2078 200 2129 1}
231 2078 309 2122 lin.
339 2076 484 2132 lata),
524 2093 627 2134 quas
659 2079 710 2119 ad
748 2094 924 2120 manum
952 2081 1112 2134 habe03
1153 2081 1305 2123 adsunt
1333 2088 1477 2121 tamen
1514 2079 1608 2121 sili-

136 2155 254 2194 culae
285 2154 424 2209 quoad
466 2156 648 2196 formam
687 2157 983 2199 intermediae.
1044 2156 1339 2199 Valvulae
1377 2158 1422 2197 in
1463 2155 1607 2196 media

136 2238 252 2285 parte
283 2231 454 2285 planae,
486 2232 677 2283 margine
708 2247 945 2285 convexae,
978 2232 1226 2284 herbaceae,
1259 2248 1390 2274 nervo
1422 2240 1605 2283 notatae,

136 2309 416 2347 subvenosae.
485 2305 785 2350 Placentae
825 2309 1066 2360 filiformes‚
1111 2311 1314 2352 inclusae.
1387 2308 1607 2365 Semina

138 2383 178 2421 in
212 2397 378 2438 quoque
407 2383 546 2423 loculo
572 2384 779 2437 16—-20‚
811 2386 1119 2441 approximata,
1152 2385 1376 2437 biserialia,
1407 2383 1604 2441 pendula,

136 2472 287 2512 parva,
329 2461 447 2509 rufa,
485 2459 809 2513 immerginata,
853 2470 1054 2502 structura
1096 2462 1275 2515 generis.
1347 2461 1607 2502 Funiculi

137 2534 504 2586 umbilicales‚
536 2535 672 2588 liberi,
705 2538 868 2588 breves,
899 2538 1066 2578 setacei.
1124 2537 1606 2595 Dissepimentum

134 2609 386 2662 hyalinum,
428 2611 581 2652 areolis
622 2612 799 2653 minutis
831 2613 1103 2655 subrotundis
1143 2615 1473 2672 subellipticisve
1501 2627 1605 2654 exa-

135 2692 273 2728 ratum
305 2694 348 2728 et
377 2688 418 2727 in
450 2687 591 2730 media
620 2695 739 2745 parte
762 2703 896 2733 nervo
924 2688 1478 2748 longitudinali,(interdum
1502 2691 1604 2732 sub-

136 2758 294 2816 diviso)
325 2771 532 2807 notatum.
1426 2774 1447 2833 l
