1648 2989
103 132 201 181 336
513 127 588 177 Cl.
624 128 784 178 XVH.
853 126 1168 192 Diadelphia.

169 257 259 303 bus
302 253 450 301 dense
498 252 728 318 spinatis,
774 252 1114 315 leguminibus
1150 252 1337 301 inflatis
1381 253 1564 301 tenuis-

168 343 298 391 sime
335 339 740 388 membranaceis
776 339 1081 403 subglobosis
1116 341 1319 405 glabris.

212 429 270 469 A.
302 426 518 483 physodes
547 427 735 468 altaicus.
792 426 900 467 Pau.
932 427 1112 479 Astrog.
1139 444 1183 480 p.
1215 425 1286 467 72.
1326 434 1356 467 t.
1387 426 1564 468 LVIII.

269 504 321 544 B.
340 504 387 555 s.
418 505 461 545 2.
492 527 548 533 —-
577 505 771 543 Decand.
802 502 954 544 Prodr.
986 505 1044 543 II.
1073 520 1119 557 p.
1150 503 1251 544 305.
1282 503 1364 542 No.
1396 503 1494 544 226.
1523 519 1567 560 γ.

271 604 329 611 —
358 582 520 622 Sievers
550 585 592 621 in
621 583 730 621 Pall-
758 598 798 621 η.
831 584 952 622 nord.
981 581 1126 634 Beytr.
1160 580 1266 619 VII.

101 658 210 699 Hah.
242 656 286 697 in
316 657 573 712 pianitiebus
597 658 714 698 siccis
744 659 944 698 subsalsis
975 658 1081 696 circa
1104 655 1347 696 Loktewsk
1376 656 1485 708 (R),
1516 655 1571 696 ad

158 734 202 775 fl.
237 734 434 785 Sehnlba,
467 733 724 775 Buehtorma
755 742 797 774 et
828 734 1151 786 Dschargurban
1176 730 1405 786 (Schcmgin
1425 741 1462 774 et
1478 733 1571 773 Sie-

157 825 252 851 vers
281 825 338 850 ex
366 808 497 864 Pau.)
528 832 584 839 ——
611 811 674 851 ΕΙ.
704 825 821 851 vere.
886 814 951 855 25..

214 887 282 926 Ab
315 889 364 927 A.
395 886 587 941 physode
603 881 651 938 ᾗ)
682 886 821 926 differt
851 893 1011 927 statura
1041 886 1177 927 multo
1206 886 1380 937 majori,
1411 884 1570 925 foliolis

100 963 325 1003 latioribus
356 963 473 1018 apice
504 961 741 1003 rotundatis
778 962 1035 1002 mucronatis
1076 975 1154 1002 nec
1186 963 1346 1002 sensim
1375 969 1573 1001 attenua-

101 1040 158 1081 tis
188 1039 340 1090 acutis,
385 1046 552 1094 praeter
593 1038 831 1089 marginem
868 1038 1021 1089 glabris
1060 1052 1139 1077 nec
1175 1039 1374 1093 utrinque
1404 1039 1572 1088 (subtus

100 1123 246 1156 tamen
274 1115 431 1166 magis)
472 1115 571 1170 pilis
612 1113 823 1169 adpressis
856 1114 1031 1166 obsitis,
1062 1113 1216 1154 adultis
1246 1114 1437 1166 margine
1466 1127 1574 1168 quo-

103 1206 187 1247 que
217 1190 331 1231 haud
361 1205 454 1230 raro
485 1191 583 1245 pilis
613 1193 739 1245 plane
769 1190 982 1232 destitutis
1013 1190 1169 1242 glaucis
1207 1204 1284 1230 nec
1320 1190 1572 1241 subincanis‚

101 1269 279 1310 floribus
308 1267 541 1319 majoribus
561 1267 924 1307 numerosioribus
955 1274 998 1306 et
1028 1266 1200 1306 densius
1223 1266 1406 1323 spicatis,
1438 1267 1575 1306 corol-

101 1346 155 1386 lis
184 1345 294 1386 inter
325 1341 493 1384 sordide
524 1344 825 1384 ochroleucum
855 1350 898 1383 et
928 1344 1229 1385 violascentem
1269 1344 1453 1383 colorem
1483 1357 1575 1382 am-

102 1422 267 1474 biguis,
314 1420 603 1472 leguminibus
638 1419 821 1475 denique
852 1418 980 1476 duplo
1013 1427 1124 1460 certe
1154 1420 1384 1471 majoribus
1412 1419 1573 1459 tenuis-

105 1499 213 1539 sime
247 1498 343 1551 (nec
375 1494 645 1551 char-taceo-)
677 1496 1026 1538 membranaceis.
1057 1518 1115 1527 —-·
1172 1495 1358 1551 Uterque
1395 1495 1574 1536 subinde

105 1573 319 1615 cauleseit.

413 1683 486 1736 48)
530 1684 826 1726 ASTRAGALUS
855 1684 1078 1727 Pausa.
1120 1686 1260 1727 Fisch.

103 1763 168 1814 A.
217 1762 505 1825 caulescens
549 1778 578 1810 a
624 1761 732 1809 basi
776 1778 1004 1812 ramosus
1051 1760 1394 1826 caespitosus,‘
1432 1759 1576 1808 caule

172 1850 283 1899 albo
304 1879 323 1886 -
348 1850 540 1910 lanato,
603 1848 789 1896 foliolis
834 1849 865 1896 9
889 1878 954 1885 —
976 1851 1036 1897 11
1083 1850 1288 1898 obovato
1308 1878 1328 1887 -
1352 1846 1576 1911 oblongis

171 1937 407 1998 utrinque
438 1935 733 2002 petiolisque
755 1937 1131 2002 patulo-pilosis
1161 1935 1467 1994 subincanis‚
1496 1951 1575 1997 pe-

172 2022 408 2073 dunculis
455 2023 579 2071 folia
613 2022 1033 2086 subaequantibus
1076 2008 1392 2090 paucifloris,
1438 2022 1575 2084 legu-

152 2179 194 2222 *)
238 2176 356 2221 Hujus
380 2176 567 2222 diagnosis
592 2177 682 2212 haee
706 2179 797 2214 erit:

501 2243 759 2278 ASTRAGALUS
787 2255 997 2278 ansonzs.
1045 2244 1162 2279 Linn.

105 2303 167 2349 A.
194 2303 454 2355 subacaulis,
481 2305 641 2344 foliolis
669 2303 854 2346 21--31
888 2299 1346 2356 oblongo-linearibus
1375 2303 1572 2357 utrinque

163 2377 301 2416 acutis
329 2373 520 2428 undique
551 2374 647 2429 pilis
677 2382 822 2415 centro
852 2374 994 2416 affixis
1027 2375 1237 2431 adpressis
1269 2374 1415 2415 obsitis
1456 2374 1573 2413 inca-

163 2447 243 2498 nis‚
273 2445 521 2500 pedunculis
549 2445 652 2485 folia
684 2447 1062 2500 subaequanfibus,
1092 2447 1267 2487 floribus
1297 2444 1476 2501 spientis,
1507 2445 1572 2483 le-

162 2516 405 2570 guminibus
452 2514 607 2558 inflatis
658 2516 1268 2558 chartaceo-membranaceis
1308 2514 1571 2567 subglohosis

192 2587 329 2628 labris.

163 2602 246 2692 gA.
271 2654 480 2702 physodes‚
511 2653 706 2700 wolgensis
729 2659 764 2689 et
787 2655 960 2689 tam-icus.
1006 2653 1107 2690 Pau.
1130 2657 1280 2701 Astrag.
1305 2665 1345 2698 p.
1369 2651 1428 2690 71.
1454 2658 1493 2685 et
1514 2650 1576 2686 72.

268 2714 345 2753 tab,
361 2714 520 2752 LVIII.
534 2723 571 2749 ee
583 2713 742 2750 LVIII.
760 2713 804 2749 Β.
819 2712 860 2760 s.
877 2715 912 2752 1.
938 2733 986 2741 -
1010 2713 1179 2748 Decand.
1202 2712 1334 2749 Proclr.
1360 2712 1415 2749 II.
1437 2723 1478 2758 p.
1491 2709 1575 2748 305.

270 2773 346 2809 No.
371 2773 452 2812 226.
477 2788 515 2812 α.
538 2783 576 2809 σε
597 2779 633 2820 β.
659 2774 814 2820 (taurica
834 2773 965 2821 planta
986 2773 1080 2811 mihi
1099 2774 1227 2820 ignota
1250 2775 1333 2818 est.)
