1648 2989
136 131 231 178 128
509 124 584 174 Cl.
619 125 728 174 XV.
799 123 1205 188 Tetradynamia.

190 271 222 296 ε.
255 252 428 306 foliis
456 254 577 289 imis
606 251 1085 303 bipinnatisectis;
1123 249 1306 288 mediis
1329 248 1583 303 pinnati-

270 331 461 375 sectis;
502 330 711 365 summis
749 328 1134 376 integerrimis.

244 403 299 444 A.
347 404 626 455 calycibbus
653 404 865 453 glabris
896 397 1386 453 (floribicsflavis)

353 477 631 529 sisymbrium
679 475 936 516 multifidum
984 477 1157 530 Spreng.
1196 477 1309 530 Syst.
1351 484 1482 527 vegei.
1526 475 1585 514 II.

402 571 449 608 p.
482 554 600 593 904?

242 630 291 672 B.
336 631 618 683 calyoibus
645 632 848 683 pilosis
877 628 1145 683 (floribus
1163 625 1388 679 slavis).

131 708 239 749 Hah.
278 705 395 745 haud
434 719 525 745 raro
561 705 639 758 (L.
672 707 739 744 M.
773 704 862 757 R).
926 705 1248 745 Varietates
1287 703 1414 744 modo
1453 701 1586 742 dictae

188 796 314 837 saepe
344 782 577 836 promiscue
609 789 816 833 crescunt,
858 797 897 833 α,
931 782 963 836 β
994 789 1034 819 et
1063 796 1089 836 γ
1120 781 1369 834 praesertim
1408 780 1452 819 in
1484 779 1586 818 locis

185 859 456 898 fertilioribus
488 865 530 896 et
561 857 611 897 ad
642 858 870 897 fluviorum
901 859 1012 911 ripas
1044 857 1132 906 (ubi
1162 856 1428 896 altitudinem
1459 856 1587 909 tripe-

187 935 327 974 dalem
367 935 595 984 auingunt)
635 941 878 981 occurrunt,
919 937 1222 974 varietates
1259 930 1287 973 ὃ
1315 939 1357 972 et
1386 948 1406 972 ε
1446 940 1586 970 aulem

185 1010 446 1064 frequentius
474 1010 516 1048 in
548 1010 649 1049 locis
680 1010 918 1049 siccioribus
948 1009 1092 1059 aridis,
1124 1010 1165 1048 in
1199 1009 1470 1063 rupestribus,
1503 1007 1587 1045 col-

188 1087 298 1126 libus
330 1093 430 1135 ωας
469 1087 691 1125 varietates
729 1087 885 1140 pilosas
925 1087 1092 1140 saepius
1124 1086 1165 1124 in
1197 1084 1383 1124 arenosis
1414 1082 1589 1122 inveni-

187 1176 303 1212 mus,
334 1162 464 1200 rarius
495 1161 537 1200 in
564 1163 850 1216 rupestribus;
891 1176 995 1201 var.
1027 1177 1055 1218 y
1084 1160 1132 1200 B.
1164 1161 1208 1200 in
1241 1162 1364 1200 horto
1395 1159 1589 1199 botanico

187 1246 310 1278 enata
340 1252 362 1276 e
394 1237 624 1277 seminibus
657 1238 871 1277 varietatis
901 1239 934 1290 ῥ’
961 1238 1016 1278 Α.
1043 1239 1080 1278 b.
1108 1258 1161 1266 —-
1190 1237 1254 1277 ΕΙ.
1286 1235 1414 1288 majo,
1444 1234 1587 1276 Juuio.

190 1319 253 1360 24..
285 1311 354 1365 (in
387 1313 519 1352 hortis
556 1318 617 1359 O.
652 1315 721 1353 vel
757 1313 846 1366 ρξ’.)
1365 1341 1381 1348 a

240 1389 385 1429 Planta
425 1403 550 1443 quam
586 1391 772 1429 maxime
803 1390 1013 1429 variabilis
1052 1397 1093 1428 et
1131 1387 1329 1428 transitus
1359 1388 1472 1427 inter
1501 1389 1589 1426 for-

130 1479 220 1505 mas
252 1478 377 1519 supra
410 1473 663 1504 memoratas
694 1465 806 1506 haud
838 1467 1060 1513 obscurus;
1101 1478 1240 1518 neque
1272 1463 1424 1503 desunt
1455 1462 1589 1518 speci-

131 1541 244 1580 mina
276 1541 393 1594 quasi
421 1541 628 1591 ambigua.

241 1614 410 1656 Radix
439 1616 657 1670 perennis,
690 1617 930 1671 subrepens,
962 1629 1037 1670 per
1066 1614 1287 1655 intervalla
1318 1629 1442 1670 saepe
1472 1613 1588 1654 rudi-

131 1691 286 1732 mentis
315 1692 494 1731 caulium
526 1706 733 1731 annorum
764 1691 1088 1748 praeteritorum
1119 1692 1340 1740 instructa,
1380 1692 1424 1730 in
1455 1691 1588 1729 hortis

132 1782 255 1822 saepe
293 1781 428 1806 annua
471 1769 539 1807 vel
583 1769 757 1808 biennis.
835 1768 1019 1807 Herba
1059 1768 1152 1821 plus
1193 1768 1390 1807 minusve
1429 1767 1585 1818 glauca,

131 1859 242 1884 nunc
273 1843 545 1895 glaberrima,
588 1859 699 1883 nunc
728 1858 875 1884 versus
904 1843 1022 1884 basin
1054 1843 1152 1898 pilis
1183 1843 1372 1895 rigidulis
1404 1844 1586 1883 reversis

132 1919 431 1974 copiosioribus
469 1920 541 1959 vel
576 1921 800 1960 rarioribus
833 1919 1042 1975 adspersa.
1105 1917 1306 1958 Caules
1349 1917 1588 1973 semipeda-

130 1997 205 2047 les,
234 1993 416 2050 pedales,
449 1996 760 2050 sesquipedales
791 1997 861 2037 vel
889 1996 1073 2046 alliores,
1105 1994 1319 2034 interdum
1349 1993 1587 2048 tripedalem,

130 2072 224 2127 plus
252 2072 446 2111 minusve
477 2072 654 2122 ramosi,
698 2087 781 2112 non
813 2086 905 2112 raro
936 2071 1252 2125 simplicissimi.
1315 2070 1478 2109 Folia
1507 2083 1588 2124 po-

130 2148 369 2201 lymorpba,
401 2161 510 2184 nunc
542 2148 684 2186 omnia
716 2148 903 2198 linearia,
938 2146 1072 2198 {—4
1094 2147 1167 2186 lin.
1191 2147 1285 2195 lata,
1315 2146 1587 2197 integerrima

131 2225 201 2263 vel
230 2224 372 2262 infima
405 2221 624 2262 denticulis
655 2224 831 2263 minutis
867 2224 1008 2278 paucis
1044 2223 1088 2261 in
1119 2235 1205 2261 uno
1235 2222 1306 2261 vel
1334 2221 1378 2260 in
1409 2229 1588 2276 utroque

131 2300 264 2337 latere
294 2299 518 2346 instructa;
560 2313 670 2338 nunc
707 2298 915 2350 inferiora
955 2296 1357 2337 sinuato-dentata:
1399 2300 1588 2338 dentibus
1627 2332 1630 2333 γ

134 2375 328 2413 brevibus
358 2374 452 2413 latis
482 2374 612 2413 acutis
634 2375 704 2414 vel
728 2374 860 2424 magis
890 2373 1105 2427 magisque
1135 2373 1341 2424 elongatis
1372 2374 1588 2424 angustio-

135 2450 245 2489 ribus
275 2450 377 2489 solia
412 2448 656 2503 pinnatifida
696 2449 1009 2489 mentientibus.
1068 2447 1116 2489 In
1159 2449 1252 2489 aliis
1290 2449 1587 2504 speciminibus

134 2526 233 2562 solia
263 2526 450 2578 (praeter
478 2538 643 2564 summa
675 2532 717 2564 et
746 2528 910 2574 ramea)
940 2527 1027 2564 sere
1057 2523 1107 2564 ad
1139 2533 1298 2565 costam
1328 2536 1461 2578 usque
1490 2524 1588 2578 pin-

135 2601 354 2638 natisecta:
400 2603 565 2640 laciniis
595 2615 704 2640 nunc
732 2601 1033 2652 integerrimis,
1074 2615 1182 2640 nunc
1212 2601 1253 2641 in
1285 2599 1399 2639 soliis
1430 2598 1587 2638 infimis

103 2668 389 2714 '2—3-fida
421 2677 490 2716 vel
521 2676 686 2730 partita.
745 2676 809 2716 Ex
840 2678 1202 2717 observationibus
1231 2675 1383 2716 nostris
1413 2674 1515 2713 folia
1543 2674 1586 2714 in

134 2749 234 2788 locis
265 2744 560 2792 humilioribus
591 2759 631 2792 et
660 2753 930 2794 fertilioribus
961 2767 1130 2810 semper
1159 2752 1302 2793 minus
1333 2749 1498 2802 divisa,
1541 2749 1585 2789 in
