1648 2989
440 136 516 185 Cl.
555 138 665 185 XV.
738 138 1150 203 Tetradynamia.
1257 168 1261 171 ·
1436 147 1533 195 211

160 262 312 304 Planta
358 262 562 302 foliorum
604 261 739 300 forma
781 261 889 301 mire
937 260 1054 304 ludit.
1120 265 1281 307 Folia
1325 272 1532 312 radicalia
1592 294 1594 301 ·

47 340 295 395 plerumque
325 336 865 392 runcinato-piunatifida:
907 340 1014 380 Iobis
1053 354 1166 381 nunc
1207 342 1421 385 latioribus
1451 360 1527 387 an-

46 416 213 468 gulatis,
245 429 357 455 nunc
387 413 701 466 angustioribus
732 412 917 456 dentatis
942 415 1169 469 incisisve3
1201 422 1364 461 caulina
1385 425 1526 464 media

43 493 212 549 saepius
243 489 662 542 sinuato-dentam3
702 496 923 546 superiora
964 493 1212 548 plerumque
1248 496 1523 548 integerrima

44 571 111 610 vel
131 567 410 618 subdentata3
444 581 531 608 non
553 565 706 607 desunt
730 574 875 608 tamen
896 567 1129 624 specimina
1150 570 1231 609 alia
1251 571 1363 614 foliis
1381 577 1523 617 omni-

42 647 120 687 bus
138 644 328 695 sinuatis,
347 643 428 682 alia
451 643 564 683 foliis
584 644 883 696 integerrimis,
910 645 1010 686 imis
1027 645 1288 686 subdentatis
1306 647 1520 692 instructa.

43 722 338 765 Staminum
360 720 602 771 longiorum
619 721 774 761 fabrica
797 729 839 760 et
853 722 1098 777 siliquarum
1116 720 1290 762 directio
1311 724 1523 767 characte-

41 812 108 840 res
137 796 465 854 praestantiores
488 794 601 836 haud
627 797 845 851 praebent,
878 811 978 838 eum
1002 797 1221 838 filamenta
1251 799 1452 853 longiora,
1478 805 1521 844 in

41 889 127 917 uno
157 872 396 929 eodemque
427 872 685 929 specimina,
717 888 829 913 nunc
861 888 884 913 a
916 874 1006 914 basi
1035 873 1087 914 ad
1117 875 1324 928 medium,
1356 891 1467 919 nunc
1497 894 1520 920 a

39 952 131 993 basi
160 950 211 991 ad
243 951 405 1007 apicem
436 963 570 1004 usque
601 957 815 1000 concreta,
847 957 891 991 et
920 951 1097 1006 siliquae
1128 952 1379 994 immaturae
1409 970 1520 997 nuuc

38 1043 222 1078 sursum,
255 1041 365 1067 nunc
394 1024 593 1067 deorsum
618 1034 825 1077 arcuatae,
859 1034 1049 1068 maturae
1080 1035 1239 1081 autem,
1272 1030 1522 1087 plerumque

41 1112 250 1162 patentes,
283 1110 421 1143 rectae
451 1104 548 1143 sint.
611 1104 656 1145 S.
689 1105 994 1145 torulosum
1016 1105 1118 1145 Dec.
1150 1105 1289 1160 quoad
1318 1108 1520 1150 soliorum

40 1185 222 1223 formam
263 1178 375 1219 haud
416 1180 558 1219 minus
609 1180 836 1231 variabile,
884 1195 908 1220 a
947 1181 993 1223 S.
1033 1189 1346 1223 tomentoso
1397 1186 1519 1227 facile

40 1257 300 1312 dignoscitur
329 1257 431 1297 setis
461 1255 722 1309 glandulosis
754 1259 942 1307 caulem,
983 1256 1085 1296 folia
1119 1265 1162 1298 et
1191 1259 1364 1314 siliquas
1396 1263 1517 1303 obte-

40 1336 250 1391 gentibus,
280 1345 389 1390 quae
418 1333 462 1375 in
484 1341 640 1392 'nostro
672 1341 914 1376 constanter
944 1332 1111 1374 desunt.

259 1444 340 1489 ΙΠ.
401 1444 1005 1489 ORTHOPLOCEAE.
1065 1444 1119 1498 (Ο
1148 1446 1281 1501 >>)

42 1526 398 1578 cotyledones
427 1527 822 1575 incumbentes,
854 1525 1297 1577 conduplicatae,
1330 1539 1515 1581 nempe

38 1604 532 1656 longitudinaliter
561 1605 741 1643 medio
774 1604 1028 1656 plicatae
1058 1606 1104 1639 et
1133 1602 1436 1644 radiculam
1467 1609 1517 1646 in

36 1685 369 1737 plicatnram
397 1678 686 1731 foventes,
733 1693 893 1732 saepe
931 1681 1084 1732 apice
1124 1683 1513 1731 emarginatae.

180 1758 390 1798 Semina
420 1761 637 1811 saepius
673 1757 917 1809 globosa,
959 1757 1374 1805 immarginata.

64 1847 428 1891 BRASSICEAE
460 1846 569 1887 SEU
599 1842 1080 1888 ORTHOPLOCEAE
1111 1840 1485 1897 SILIQUOSAE.

38 1928 258 1982 Siliqua
288 1929 562 1978 elongata,
593 1925 987 1972 teretiuscula,
1020 1923 1518 1973 longitudinaliter·

38 2008 347 2054 dehiscens,
397 2003 758 2051 bitot-alaris,
806 2001 1069 2040 bivalvis:
1119 2000 1515 2053 dissepimento

38 2085 270 2131 lineari5
308 2082 557 2121 valvulis
588 2076 946 2132 (plerumque)
979 2078 1251 2116 concavis.
1309 2075 1516 2117 Semina

38 2164 93 2199 in
144 2172 345 2212 quoque
393 2159 572 2196 loculo
613 2158 878 2209 plurima,
929 2156 1049 2192 unz‘-
1091 2154 1172 2192 vel
1211 2152 1514 2193 biserialia.

44 2235 401 2289 Cotyledones
432 2235 589 2273 dorso
625 2235 914 2286 placentas
952 2235 1279 2282 spectantes.
1342 2227 1514 2268 Radi-

41 2316 159 2354 cula
188 2312 544 2361 adscendens,
573 2311 715 2350 linea
745 2308 960 2348 dorsali
990 2306 1043 2358 (s.
1076 2302 1364 2358 exteriori)
1391 2307 1514 2359 pla-

370 2394 554 2427 centae
591 2389 879 2440 oppositae
914 2385 1207 2439 parallela-

386 2469 486 2512 33'7.
544 2468 845 2511 BRASSICA.
890 2467 1021 2510 an.
1059 2463 1168 2521 (M.)

528 2544 727 2588 GAERTN.
761 2555 790 2588 t.
826 2545 1029 2587 CXLIII.

178 2622 346 2690 Calyx
381 2624 596 2681 clausus,
632 2623 742 2673 basi
779 2623 1014 2688 aequalis.
1078 2617 1245 2667 Petala
1280 2613 1513 2664 indivisa.

43 2710 328 2761 Glandulae
363 2711 668 2778 hypogynae
706 2711 965 2760 valvariae
1000 2715 1049 2755 et
1092 2702 1433 2768 placentariae
1469 2704 1516 2750 2.

43 2801 328 2850 Filamenta
356 2801 529 2861 libera,
565 2799 809 2848 edentula.
863 2797 1062 2860 Stigma
1094 2790 1388 2839 indivisum.
1440 2789 1518 2838 Si-

1092 2868 1185 2915 14ὴἙ
