1648 2989
125 133 194 184 94·
508 128 588 180 Cl.
623 128 735 180 XV.
803 128 1214 195 Tetradynamia.

124 276 182 320 11.
242 272 532 319 NOMISMA.
591 274 833 315 Silio-ula
861 274 1108 316 valvulis
1137 280 1252 316 toto
1281 276 1441 316 dorso
1471 277 1596 316 ala-

182 358 280 395 tis:
323 355 427 394 alis
465 353 631 402 latis,
684 364 845 392 nervo
884 354 1345 406 circumscriptis.
1404 351 1596 405 Stylus

183 432 544 471 brevissimus,
603 426 824 467 Semina
854 427 1343 479 longitudinaliter
1369 431 1598 469 striato-

181 509 402 550 sulcata.
462 502 661 544 Radix
700 518 883 544 annua
921 503 1010 544 vel
1046 505 1281 545 biennis.

517 585 565 642 2)
604 586 801 628 THLAsm
831 601 1042 631 Anvmsn.
1081 587 1211 630 Linn.

127 677 219 727 Th.
250 674 393 725 caule
429 680 612 733 erectO,
647 672 779 734 (sub)
807 690 1022 733 ramoso,
1059 673 1235 737 petalis
1261 670 1485 738 oblongis
1521 689 1602 721 ca-

192 766 308 829 lyce
338 760 482 828 paulo
512 758 837 825 longioribus,
874 760 1089 810 siliculis
1117 761 1602 810 orbiculato-obcor-

196 851 326 900 datis
361 849 722 912 (plerumque)
761 847 1097 912 12--spermis.

243 938 328 980 Th.
370 950 564 979 arvense.
623 936 722 976 Dec.
761 935 916 976 Proclr.
955 935 990 976 Ι.
1028 951 1076 991 p.
1107 933 1204 976 175.
1240 954 1299 965 --
1355 934 1455 975 Dec.
1489 932 1602 987 Syst.

299 1021 390 1055 nat.
421 1014 483 1053 II.
522 1029 567 1067 p.
599 1011 698 1053 375.
735 1034 793 1042 —-
850 1014 1025 1067 Spreng.
1058 1013 1170 1067 Syst.
1209 1025 1299 1065 veg.
1329 1010 1387 1052 II.
1423 1028 1468 1066 p.
1501 1010 1603 1052 879.

297 1089 425 1142 (excl.
455 1104 597 1143 synon.
633 1090 713 1128 le.
745 1092 885 1129 collini
914 1090 982 1130 M.
1017 1106 1042 1129 α
1073 1087 1207 1143 Bieb.)
1236 1109 1294 1117 -
1323 1088 1392 1128 M.
1426 1105 1453 1128 a
1485 1087 1604 1127 Bieb.

301 1166 365 1205 Fl.
398 1175 507 1206 taur.
542 1180 657 1205 cauo.
691 1166 747 1205 II.
778 1182 821 1220 p.
853 1165 923 1207 99.
953 1189 1011 1196 ·-—
1040 1166 1146 1206 Fazk
1174 1166 1343 1219 topogr.>
1367 1164 1509 1217 Beytr.
1538 1163 1602 1203 II.

295 1259 340 1298 p.
373 1241 473 1284 214,
503 1261 561 1269 --·
599 1241 751 1283 Besser
779 1241 859 1284 En.
889 1245 950 1297 pl.
983 1241 1113 1284 Vollz.
1141 1259 1186 1298 p.
1219 1241 1290 1283 26.
1318 1262 1376 1272 —-
1415 1241 1606 1281 Schkuhr

298 1328 330 1360 t.
368 1317 596 1360 CLXXX.

243 1395 422 1450 Thlaspi
464 1395 549 1436 No.
580 1394 621 1436 8.
667 1395 796 1436 Gmel.
828 1395 892 1436 Fl.
922 1396 1001 1436 sib.
1032 1394 1118 1435 III.
1149 1411 1194 1450 p.
1223 1390 1322 1437 253.

130 1490 133 1491 ’
189 1491 232 1519 α.
277 1474 519 1514 siliculis
544 1474 832 1526 pedicello
864 1472 1242 1523 brevioribus,
1273 1473 1388 1511 basi
1417 1477 1605 1510 rotun-

266 1551 434 1590 datis.

245 1625 329 1667 Th.
364 1638 558 1667 arvense.
617 1623 717 1665 Dec.
750 1625 777 1665 l.
811 1633 852 1665 ο.

188 1704 234 1761 β.
279 1704 532 1743 siliculis
569 1703 848 1757 pedicello
887 1699 1264 1753 longioribus,
1315 1700 1439 1739 basi
1476 1698 1606 1739 sub-

265 1781 513 1820 cordatis.

245 1855 329 1896 Th.
362 1855 615 1895 baicalense.
672 1853 770 1895 Dec.
803 1851 958 1894 Prodr.
987 1851 1023 1893 I.
1052 1867 1098 1907 Ρ.
1132 1848 1228 1892 175,
1259 1872 1317 1882 -—·
1351 1844 1454 1892 Dec.
1487 1850 1604 1906 Syst.

304 1939 391 1973 nat.
422 1930 487 1971 II.
517 1944 564 1986 p.
594 1927 695 1972 376.

135 2009 246 2051 Hab.
277 2009 478 2064 frequens
519 2007 564 2047 in
604 2006 762 2062 pratis,
806 2004 851 2046 in
893 2004 995 2047 locis
1035 2003 1184 2056 cultis,
1227 2002 1333 2045 circa
1370 2015 1499 2059 pagos
1529 2008 1606 2043 etc.

193 2087 269 2138 (L.
300 2085 369 2125 M.
400 2083 490 2132 B.).
522 2104 579 2114 --
608 2082 670 2123 Fi.
704 2081 835 2134 Maio,
884 2086 945 2131 O.
983 2081 1047 2130 (ᾗ.

240 2159 479 2216 'Thlaspi
510 2158 823 2200 baicalense
852 2160 956 2200 Dec.
987 2157 1090 2213 (non
1121 2154 1259 2197 solum
1289 2153 1334 2194 in
1365 2152 1608 2206 regionibus

137 2237 465 2286 baicalensibus,
511 2235 586 2276 sed
617 2234 744 2276 etiam
772 2235 819 2275 in
847 2233 1012 2285 Iberia,
1052 2246 1183 2289 prope
1213 2230 1415 2281 Wizfitke„
1454 2230 1606 2283 Pensa,

139 2332 217 2358 nec
256 2329 341 2355 non
379 2313 425 2353 in
454 2308 642 2353 Livonia
683 2307 891 2365 crescens)
934 2316 1045 2351 certe
1085 2308 1147 2350 nil
1190 2307 1274 2348 nisi
1305 2306 1484 2349 varietas
1513 2305 1606 2350 Th.

139 2388 422 2440 arvensis‚
454 2387 617 2428 cultura
646 2387 760 2428 haud
791 2394 962 2444 perstat.

254 2464 490 2520 Thlaspi
532 2478 771 2506 arvense
806 2464 942 2505 variat
982 2461 1112 2502 etiam
1143 2459 1330 2501 caulibus
1366 2457 1609 2500 elatioribus

141 2543 213 2586 vel
242 2540 558 2592 humilioribus,
589 2541 766 2582 ramosis
797 2542 865 2582 vel
897 2537 1247 2594 simplicissimi53
1289 2535 1402 2576 foliis
1432 2535 1610 2585 majori-

142 2622 220 2661 bus
262 2617 447 2659 crebrius
487 2623 529 2658 et
557 2616 806 2673 profundius
847 2614 1052 2668 dentatis,
1093 2613 1165 2656 vel
1201 2612 1338 2653 multo
1373 2611 1608 2652 minoribus

145 2693 532 2747 subintegerrimisr,
582 2692 777 2734 auriculis
814 2676 1014 2733 foliorum
1054 2689 1279 2742 elongatis,
1317 2686 1501 2740 magnis,
1536 2684 1610 2728 vel

145 2770 424 2823 abbreviatis,
462 2752 639 2811 niinutis
649 2781 662 2820 3
700 2769 876 2811 racemis
905 2767 1114 2822 elongatis
1143 2763 1411 2817 multifloris,
1440 2763 1512 2807 vel
1541 2763 1609 2814 (in
