1648 2989
88 102 188 154 278
495 100 571 150 cl.
609 103 767 152 xvn.
835 103 1152 168 filadelphia.

323 224 369 275 6)
413 224 667 266 Oxrrnoms
699 240 1128 267 TRAcAcANTnomEs.
1176 227 1311 269 Fisch.

93 301 147 350 O.
185 301 329 349 caule
362 301 602 351 fruticoso
639 320 699 351 ex
734 311 832 350 toto
869 303 1236 363 ramosissimm
1280 302 1416 351 foliis
1453 301 1550 350 im-

159 387 547 453 pari-pinnatis,
572 388 757 437 foliolis
786 389 1189 456 subquadrijugis
1218 389 1553 454 elliptico-ob-

159 475 321 541 longis
350 475 584 539 utrinque
611 476 832 535 sericeis,
858 477 1051 540 petiolis
1081 477 1452 540 persistentibus
1481 477 1556 524 in-

162 562 620 627 durato-spinosis,
678 563 969 627 pedunculis
1018 564 1312 613 axillaribus
1353 563 1559 612 trifloris

163 650 342 715 calyce
376 659 603 713 patenter
634 650 806 698 villoso
843 650 1081 716 subduplo
1117 650 1459 712 brevioribus,
1490 652 1559 699 le-

162 736 455 801 guminibus
491 737 677 785 inflatis
712 737 917 785 villosis.

210 821 268 865 Ο.
298 822 676 875 tragacanthoides.
718 825 906 872 Decqnd.
928 824 1083 865 Prodr.
1102 824 1167 865 ΙΙ.
1198 841 1241 880 p.
1257 824 1356 866 280.
1386 821 1558 865 N0.4O.

263 919 321 928 -·
349 900 506 941 Ledeb.
538 901 596 940 Io.
628 903 684 954 pl.
716 900 777 940 Fl.
809 915 914 941 ross.
945 904 1018 940 alt.
1050 902 1199 942 illustr.
1230 909 1261 941 t.
1294 900 1393 942 279.

97 972 207 1015 Hab.
238 974 283 1015 in
314 976 522 1017 montosis
553 976 830 1016 sterilissimis
860 975 912 1016 ad
941 976 986 1017 fl.
1019 975 1203 1028 Tschuja
1242 990 1368 1032 supra
1407 975 1564 1016 ostium

238 1050 284 1092 fl‘.
317 1049 474 1101 Kurai,
506 1052 596 1092 solo
626 1051 779 1091 limoso
809 1053 1067 1104 salsuginoso
1097 1051 1212 1094 arido
1243 1053 1346 1103 (R).
1395 1051 1459 1092 ΕΙ.
1488 1051 1566 1092 Ju-

238 1126 326 1167 nio.
392 1127 452 1173 1¹7.

211 1200 254 1241 Α
282 1201 582 1257 praecedente,
622 1204 687 1243 cui
720 1204 883 1254 affinis,
917 1202 1221 1246 diversissima.
1281 1202 1466 1244 Caulis
1496 1218 1566 1243 ra-

98 1275 378 1330 mosissimus‚
411 1279 638 1334 caespitem
670 1280 1052 1335 hemisphaericum
1082 1279 1287 1320 diametro
1317 1280 1568 1335 6——9-pol-

101 1352 218 1394 licari
247 1355 319 1395 vel
348 1348 552 1406 majorem
584 1356 838 1407 efformatus,
879 1355 1066 1411 undique
1097 1356 1268 1410 petiolis
1305 1357 1569 1412 persistenti·-

100 1429 180 1469 bus
208 1427 633 1486 indurato-spinosis
664 1431 884 1482 horridus,
918 1432 1202 1484 aridissimus,
1233 1447 1309 1472 nec
1341 1433 1421 1472 nisi
1451 1433 1568 1487 apice

100 1505 363 1546 ramulorum
385 1507 500 1547 soliis
531 1515 573 1546 et
602 1507 778 1548 floribus
808 1509 968 1562 aliquot
1000 1515 1186 1548 ornatus.
1235 1509 1444 1548 Petioli
1474 1511 1567 1563 pol-

102 1580 250 1622 licares
279 1582 352 1622 vel
380 1596 531 1638 parum
561 1583 799 1635 longiore53
834 1586 1022 1636 juniores
1052 1591 1435 1639 erecto-patentes,
1465 1585 1570 1625 seri-

103 1655 189 1708 cei3
219 1658 359 1697 adulti
387 1659 681 1713 patentissimi,
712 1660 870 1700 sensim
895 1657 1138 1710 deglabrati,
1168 1659 1210 1699 in
1243 1660 1387 1715 spinas
1407 1660 1569 1703 validas

2 1741 3 1745 ’
101 1744 242 1773 ramos
272 1734 543 1790 ramulosque
572 1749 596 1774 a
626 1735 717 1775 basi
747 1734 799 1775 ad
836 1736 998 1790 apicem
1037 1734 1166 1775 dense
1197 1736 1442 1789 obtegentes
1471 1752 1569 1777 mu-

101 1807 193 1847 tati.
250 1807 463 1849 Foliola
490 1809 541 1862 7,
572 1809 598 1850 9
627 1811 757 1853 rarius
790 1810 865 1860 11,
895 1811 1327 1867 emmim-oblonga,
1355 1811 1487 1854 3—4
1516 1815 1568 1854 li-

102 1896 206 1924 neas
235 1883 373 1937 longa,
402 1883 574 1937 1{-2
602 1888 737 1928 lineas
767 1889 873 1940 lata,
904 1889 1083 1938 sericea,
1115 1888 1372 1928 caud-icamia
1401 1891 1471 1931 vel
1503 1904 1570 1930 ra-

102 1960 189 2000 rius
211 1959 534 2012 cinerascentia3
566 1967 718 2015 omnia,
747 1965 995 2019 praesertim
1019 1972 1161 2004 tamen
1185 1967 1415 2016 terminale,
1446 1967 1569 2014 facile

104 2032 305 2087 decidua,
345 2036 405 2076 ita
435 2043 481 2076 ut
508 2039 608 2093 folia
634 2040 884 2095 plerumque
915 2040 1296 2096 abruptepinnata
1326 2034 1563 2083 videantur.

103 2109 360 2167 Stipulae
388 2113 640 2155 tenuissime
661 2118 1024 2168 membranaceae,
1052 2117 1242 2168 margine
1269 2118 1395 2167 longe
1415 2116 1567 2158 dense-

103 2200 187 2242 que
216 2186 393 2239 cili-atae,
425 2196 635 2231 caeterum
665 2191 848 2244 glabrae.
911 2190 1218 2232 Pedunculi
1246 2206 1393 2233 versus
1423 2207 1566 2234 ramu-

101 2264 243 2313 lorum
271 2263 432 2320 apicem
461 2264 672 2318 minares,
702 2267 867 2317 triflori,
899 2268 1036 2319 calyce
1067 2265 1197 2322 duplo
1229 2268 1455 2322 breviores,
1482 2284 1565 2310 una

102 2353 200 2380 cum
227 2339 404 2382 floribus
432 2341 634 2383 foliorum
662 2341 970 2394 longitudinem
1000 2343 1322 2398 subaequantes.
1379 2344 1468 2387 Flo
1481 2360 1563 2387 res

100 2414 357 2471 pedicellati,
386 2417 560 2458 bracteis
589 2417 753 2459 suffulti
773 2416 977 2472 pedicello
1000 2417 1128 2474 duplo
1158 2420 1431 2472 longioribus.
1476 2421 1563 2462 Ca-

101 2492 197 2543 lyx
233 2498 430 2548 patenter
465 2494 669 2535 villosus:
723 2495 913 2536 dentibus
949 2493 1215 2548 longitudine
1251 2495 1414 2538 dimidii
1456 2499 1558 2539 tubi.

104 2565 324 2608 Cot-olla
358 2567 569 2615 violacea:
606 2573 762 2613 vexillo
795 2571 870 2612 vix
910 2579 1065 2613 retuso.
1124 2570 1398 2625 Legumen
1436 2574 1560 2614 infla-

104 2649 218 2694 tum,
244 2643 468 2698 villosum,
500 2647 784 2697 uniloculare,
815 2661 899 2689 non
929 2662 1022 2691 raro
1050 2649 1162 2692 inter
1189 2649 1366 2705 petiolos
1396 2648 1558 2691 adultos

103 2717 341 2774 persistens.
