1648 2989
476 124 554 176 Cl.
592 127 750 177 XV11.
820 126 1136 191 Diadelphia.
1446 134 1543 180 305

63 252 170 293 Hab.
200 250 249 291 in
280 249 471 291 arenosis
501 249 552 291 ad
583 250 627 290 fl.
664 249 832 303 Irtysch
863 249 991 301 (M).
1022 250 1084 292 Fl.
1118 251 1251 307 April.
1276 251 1377 304 Maj.
1415 252 1536 308 ufir).

187 325 383 368 Caules
423 327 662 378 numerosi,
711 326 934 382 prostrati,
987 326 1102 382 apice
1143 327 1536 381 subadscendentes,

62 401 190 444 modo
213 404 489 458 bipollicares,
520 402 649 443 modo
673 401 935 458 subpedales,
967 402 1131 443 inferne
1161 404 1324 456 lignosi,
1353 419 1536 460 superne

61 479 221 520 sericei.
278 479 432 519 Folia
476 480 726 534 plerumque
764 478 917 531 trijuga
957 493 1052 518 cum
1094 479 1268 534 impari,
1309 481 1443 521 rarius
1480 480 1536 521 4-

59 557 130 596 vel
160 557 343 608 5-juga,
375 556 588 610 petiolata.
635 555 850 596 Foliola
880 555 1088 610 opposita,
1120 556 1531 609 oblongo-linearia,

58 632 338 682 acutiuscula,
380 632 578 687 utrinque
616 632 713 686 pilis
753 630 961 686 adpressis
999 629 1145 683 rigidis
1184 631 1245 670 uti
1276 639 1360 671 tota
1390 633 1532 687 planta

60 709 236 758 obtecta,
270 721 393 763 supra
425 709 501 748 vix
527 707 718 758 viridula,
750 709 897 747 subtus
925 705 1075 758 albida,
1106 706 1219 747 4-6
1238 707 1371 747 lineas
1391 709 1529 759 longa,

60 785 137 825 vix
166 784 328 824 lineam
356 785 455 825 lata.
499 783 755 837 Stipulae
786 783 1229 833 ovato—lanceolatae‚
1259 784 1530 836 acuminatae,

56 860 173 902 intus
202 861 383 912 glabrae,
416 866 539 900 extus
569 860 664 914 pilis
694 859 834 911 longis
857 859 1044 899 maxima
1074 873 1128 899 ex
1157 866 1274 914 parte
1305 859 1432 910 nigris
1462 873 1531 899 sa-

57 938 112 978 tis
142 936 276 978 dense
307 936 493 988 obsitae,
537 936 706 975 liberae.
767 935 1078 976 Pedunculi
1116 949 1171 975 ex
1209 936 1405 975 omnibus
1442 937 1531 975 fere

54 1015 258 1055 foliorum
288 1013 446 1063 axillis,
479 1010 680 1063 elongati,
713 1012 864 1052 folium
895 1011 1021 1066 duplo
1051 1011 1232 1066 triplove
1263 1012 1395 1053 immo
1427 1025 1529 1066 qua-

56 1090 208 1146 druplo
239 1096 510 1145 superantes,
542 1087 866 1136 adscendentes,
909 1087 1067 1127 sericei.
1129 1087 1322 1127 Flores
1352 1087 1526 1138 6-12‚

54 1167 264 1224 pedicello
289 1166 410 1207 brevi
439 1164 688 1216 insidentes,
720 1164 897 1204 bracteis
920 1163 1096 1215 suffulti,
1127 1162 1310 1203 florendi
1338 1170 1527 1219 tempore

53 1246 98 1286 in
129 1244 359 1299 capitulum
390 1241 597 1293 congesti,
641 1240 814 1281 demum
843 1241 1113 1291 remotiores,
1154 1239 1216 1279 ita
1255 1246 1302 1278 ut
1330 1239 1526 1279 inflores-

55 1322 192 1362 centia
224 1320 436 1360 fructifera
474 1332 689 1358 racemum
723 1320 891 1358 referat.
955 1315 1052 1356 Bra
1068 1322 1220 1355 cteae
1249 1316 1523 1367 lanceolatae,

53 1398 306 1455 pedicellum
337 1409 486 1451 parum
517 1401 783 1449 superantes,
816 1393 1162 1446 albo-nigroque
1191 1391 1364 1445 pilosae.
1423 1389 1524 1431 Ca-

53 1477 147 1528 lyx
187 1472 498 1526 cylindraceus,
538 1471 853 1511 albo-villosus
885 1477 925 1510 et
955 1471 1129 1523 insuper
1166 1467 1265 1522 pilis
1305 1467 1522 1507 nonnullis

52 1552 185 1603 nigris
215 1550 395 1598 obsitus,
427 1547 840 1603 quinquedentatus:
883 1549 1069 1587 dentibus
1098 1542 1365 1593 lanceolati53
1413 1544 1523 1595 infe-

51 1630 235 1670 rioribus
273 1626 555 1678 longioribus,
596 1625 743 1675 rectis3
790 1624 1074 1678 superioribus
1111 1633 1275 1660 sursum
1313 1619 1522 1673 curvatis3

50 1706 233 1747 incisura
263 1716 460 1759 suprema
490 1701 756 1757 profundiori
784 1708 825 1740 et
852 1699 1007 1739 latiori.
1052 1695 1331 1737 Vexillum
1361 1695 1522 1734 obova-

49 1791 164 1832 tum,
209 1780 288 1820 alis
326 1793 474 1834 parum
515 1778 696 1829 longius.
767 1774 1047 1827 Legumen
1086 1772 1283 1828 pollicem
1321 1770 1520 1811 nonnihil

50 1871 276 1914 superans,
317 1868 631 1910 compressum,
672 1854 922 1908 plerumque
952 1857 1136 1900 rectum,
1175 1853 1518 1902 erecto-patens,

49 1936 184 1977 rarius
214 1946 364 1989 parum
395 1938 640 1981 curvatum,
673 1927 989 1977 subdeflexum,
1021 1925 1119 1980 pilis
1149 1923 1288 1985 longis
1317 1923 1422 1963 albis
1452 1922 1519 1962 ni-

50 2014 216 2067 grisque
256 2016 368 2049 arcte
406 2006 618 2062 adpressis
657 2005 786 2046 dense
829 2004 1063 2052 obtectum,
1115 2003 1224 2053 stylo
1265 1999 1517 2056 persistente

48 2092 177 2142 longo
199 2086 318 2127 varie
347 2084 464 2124 flexo
488 2090 745 2134 coronatum,
776 2080 1023 2121 biloculare:
1056 2081 1200 2118 loculis
1217 2074 1511 2133 polyspermis.

159 2163 242 2206 Pili
270 2163 316 2203 in
338 2161 535 2202 omnibus
555 2160 724 2214 plantae
752 2157 953 2213 partibus,
982 2161 1148 2210 praeter
1179 2153 1369 2208 stipulas,
1399 2152 1512 2190 brac-

47 2250 155 2294 teas,
182 2238 411 2297 pedicellos
442 2244 484 2277 et
514 2236 688 2289 calyces,
718 2232 948 2294 arctissime
979 2237 1023 2271 et
1051 2222 1193 2284 medio
1223 2227 1344 2268 affixi
1372 2232 1481 2266 sunt.

158 2318 203 2358 A
231 2317 529 2370 subsequente,
562 2312 630 2353 cui
658 2311 845 2351 maxime
875 2308 1030 2359 affinis,
1061 2306 1225 2346 differre
1253 2301 1416 2343 videtur
1443 2314 1513 2341 ra-

48 2394 140 2436 dice
168 2391 418 2442 multicauli,
450 2390 571 2432 caule
600 2376 692 2429 basi
721 2387 922 2428 fruticoso
941 2389 1148 2440 prostrato
1175 2393 1250 2419 nec
1279 2384 1416 2418 erecto
1438 2377 1510 2417 vel

48 2468 342 2518 adscendente,
373 2465 534 2505 foliolis
562 2464 828 2519 paucioribus
860 2458 1170 2515 angustioribus
1188 2454 1319 2494 acutis
1336 2467 1413 2493 nec
1432 2454 1509 2492 ob-

48 2547 155 2589 tusis
185 2545 258 2586 vel
285 2541 563 2591 mucronatis,
602 2539 888 2592 leguminibus
925 2535 1087 2576 ratione
1123 2531 1272 2583 calycis
1308 2528 1510 2580 longiori-

47 2625 128 2665 bus
158 2618 422 2676 compressi5‚
453 2630 532 2657 nec
560 2615 789 2672 triquetris,
819 2611 1038 2671 superficie
1068 2607 1247 2662 denique
1276 2604 1409 2657 magis
1438 2618 1509 2652 se-

47 2701 158 2741 ricea
187 2705 230 2739 et
257 2696 403 2736 habitu
433 2693 586 2735 alieno.

1139 2742 1196 2806 20

101 2791 192 2820 Flora
212 2788 330 2819 altaica.
349 2786 408 2816 111.
