<?xml version="1.0" encoding="UTF-8"?>
<!DOCTYPE html PUBLIC "-//W3C//DTD XHTML 1.0 Transitional//EN"
    "http://www.w3.org/TR/xhtml1/DTD/xhtml1-transitional.dtd">
<html xmlns="http://www.w3.org/1999/xhtml" xml:lang="en" lang="en">
 <head>
  <title>
</title>
<meta http-equiv="Content-Type" content="text/html;charset=utf-8" />
  <meta name='ocr-system' content='tesseract 3.04.00' />
  <meta name='ocr-capabilities' content='ocr_page ocr_carea ocr_par ocr_line ocrx_word'/>
</head>
<body>
  <div class='ocr_page' id='page_1' title='image "./floraaltaica03lede_0337.png"; bbox 0 0 1648 2989; ppageno 0'>
   <div class='ocr_carea' id='block_1_1' title="bbox 491 84 1536 151">
    <p class='ocr_par' dir='ltr' id='par_1_1' title="bbox 491 84 1536 151">
     <span class='ocr_line' id='line_1_1' title="bbox 491 84 1536 151; baseline 0.01 -17"><span class='ocrx_word' id='word_1_1' title='bbox 491 84 567 136; x_wconf 76' lang='lat' dir='ltr'>ci.</span> <span class='ocrx_word' id='word_1_2' title='bbox 603 85 761 136; x_wconf 79' lang='lat' dir='ltr'>Xvn.</span> <span class='ocrx_word' id='word_1_3' title='bbox 813 86 1125 151; x_wconf 64' lang='lat' dir='ltr'>Diadefphia.</span> <span class='ocrx_word' id='word_1_4' title='bbox 1440 94 1536 144; x_wconf 84' lang='lat'>325</span> 
     </span>
    </p>
   </div>
   <div class='ocr_carea' id='block_1_2' title="bbox 63 207 1529 682">
    <p class='ocr_par' dir='ltr' id='par_1_2' title="bbox 63 207 1529 682">
     <span class='ocr_line' id='line_1_2' title="bbox 140 207 1529 273; baseline 0.006 -18"><span class='ocrx_word' id='word_1_5' title='bbox 140 207 392 270; x_wconf 84' lang='lat' dir='ltr'>lipsoideis</span> <span class='ocrx_word' id='word_1_6' title='bbox 416 218 644 272; x_wconf 80' lang='lat' dir='ltr'>patenter</span> <span class='ocrx_word' id='word_1_7' title='bbox 661 209 851 273; x_wconf 84' lang='lat' dir='ltr'>pilosis,</span> <span class='ocrx_word' id='word_1_8' title='bbox 877 211 1214 273; x_wconf 80' lang='lat' dir='ltr'>leguminibus</span> <span class='ocrx_word' id='word_1_9' title='bbox 1237 216 1394 263; x_wconf 82' lang='lat' dir='ltr'>ovatis</span> <span class='ocrx_word' id='word_1_10' title='bbox 1420 218 1529 264; x_wconf 83' lang='lat' dir='ltr'>sub·</span> 
     </span>
     <span class='ocr_line' id='line_1_3' title="bbox 134 294 1526 368; baseline 0.006 -26"><span class='ocrx_word' id='word_1_11' title='bbox 134 294 392 358; x_wconf 80' lang='lat' dir='ltr'><strong>triquetris</strong></span> <span class='ocrx_word' id='word_1_12' title='bbox 411 298 743 362; x_wconf 85' lang='lat' dir='ltr'>polyspermis</span> <span class='ocrx_word' id='word_1_13' title='bbox 765 296 925 346; x_wconf 84' lang='lat' dir='ltr'>acutis</span> <span class='ocrx_word' id='word_1_14' title='bbox 946 298 1278 350; x_wconf 75' lang='lat' dir='ltr'>villosissimis</span> <span class='ocrx_word' id='word_1_15' title='bbox 1296 303 1526 368; x_wconf 84' lang='lat' dir='ltr'>calycem</span> 
     </span>
     <span class='ocr_line' id='line_1_4' title="bbox 135 371 1223 434; baseline 0.017 -5"><span class='ocrx_word' id='word_1_16' title='bbox 135 382 503 434; x_wconf 80' lang='lat' dir='ltr'>excedentibus,</span> <span class='ocrx_word' id='word_1_17' title='bbox 1143 379 1148 384; x_wconf 27' lang='lat'><em>⁶</em></span> <span class='ocrx_word' id='word_1_18' title='bbox 1215 371 1223 381; x_wconf 33' lang='grc' dir='ltr'>ι</span> 
     </span>
     <span class='ocr_line' id='line_1_5' title="bbox 177 469 1521 529; baseline 0.005 -19"><span class='ocrx_word' id='word_1_19' title='bbox 177 469 234 511; x_wconf 90' lang='grc' dir='ltr'>Α.</span> <span class='ocrx_word' id='word_1_20' title='bbox 265 470 603 512; x_wconf 83' lang='lat' dir='ltr'>xanthotrichos.</span> <span class='ocrx_word' id='word_1_21' title='bbox 661 471 814 514; x_wconf 78' lang='lat' dir='ltr'>Ledeb.</span> <span class='ocrx_word' id='word_1_22' title='bbox 846 473 904 516; x_wconf 83' lang='lat' dir='ltr'>Ic.</span> <span class='ocrx_word' id='word_1_23' title='bbox 942 476 1002 529; x_wconf 84' lang='lat' dir='ltr'>pl.</span> <span class='ocrx_word' id='word_1_24' title='bbox 1033 473 1096 514; x_wconf 73' lang='lat' dir='ltr'>Fe.</span> <span class='ocrx_word' id='word_1_25' title='bbox 1127 488 1228 516; x_wconf 84' lang='lat' dir='ltr'>ross.</span> <span class='ocrx_word' id='word_1_26' title='bbox 1261 477 1333 517; x_wconf 80' lang='lat' dir='ltr'>alt.</span> <span class='ocrx_word' id='word_1_27' title='bbox 1375 477 1521 517; x_wconf 77' lang='lat' dir='ltr'>illustr.</span> 
     </span>
     <span class='ocr_line' id='line_1_6' title="bbox 233 545 393 587; baseline 0.006 -1"><span class='ocrx_word' id='word_1_28' title='bbox 233 554 262 587; x_wconf 76' lang='lat' dir='ltr'>t.</span> <span class='ocrx_word' id='word_1_29' title='bbox 295 545 393 587; x_wconf 80' lang='lat'>296.</span> 
     </span>
     <span class='ocr_line' id='line_1_7' title="bbox 63 619 1524 682; baseline 0.006 -21"><span class='ocrx_word' id='word_1_30' title='bbox 63 619 174 663; x_wconf 78' lang='lat' dir='ltr'>Hah.</span> <span class='ocrx_word' id='word_1_31' title='bbox 206 622 252 662; x_wconf 89' lang='lat' dir='ltr'>in</span> <span class='ocrx_word' id='word_1_32' title='bbox 283 623 547 678; x_wconf 82' lang='lat' dir='ltr'>rupestribus</span> <span class='ocrx_word' id='word_1_33' title='bbox 577 624 789 665; x_wconf 87' lang='lat' dir='ltr'>montium</span> <span class='ocrx_word' id='word_1_34' title='bbox 817 624 1086 668; x_wconf 80' lang='lat' dir='ltr'>Kurtsehmn</span> <span class='ocrx_word' id='word_1_35' title='bbox 1117 625 1236 681; x_wconf 75' lang='lat' dir='ltr'><em>(M).</em></span> <span class='ocrx_word' id='word_1_36' title='bbox 1268 627 1331 671; x_wconf 82' lang='lat' dir='ltr'>Fl.</span> <span class='ocrx_word' id='word_1_37' title='bbox 1351 629 1447 671; x_wconf 84' lang='lat' dir='ltr'>Jun.</span> <span class='ocrx_word' id='word_1_38' title='bbox 1477 628 1524 682; x_wconf 65' lang='grc' dir='ltr'>ἦ.</span> 
     </span>
    </p>
   </div>
   <div class='ocr_carea' id='block_1_3' title="bbox 60 717 1528 2759">
    <p class='ocr_par' dir='ltr' id='par_1_3' title="bbox 60 717 1528 2759">
     <span class='ocr_line' id='line_1_8' title="bbox 173 717 1520 779; baseline 0.003 -20"><span class='ocrx_word' id='word_1_39' title='bbox 173 717 359 759; x_wconf 86' lang='lat' dir='ltr'>Caulis</span> <span class='ocrx_word' id='word_1_40' title='bbox 391 719 639 771; x_wconf 60' lang='lat' dir='ltr'>fruticosius,</span> <span class='ocrx_word' id='word_1_41' title='bbox 685 728 870 772; x_wconf 88' lang='lat' dir='ltr'>erectus,</span> <span class='ocrx_word' id='word_1_42' title='bbox 913 723 1157 779; x_wconf 69' lang='lat' dir='ltr'>tripedalis,</span> <span class='ocrx_word' id='word_1_43' title='bbox 1198 724 1520 776; x_wconf 79' lang='lat' dir='ltr'>ramosissimus‚</span> 
     </span>
     <span class='ocr_line' id='line_1_9' title="bbox 65 781 1524 846; baseline 0.004 -13"><span class='ocrx_word' id='word_1_44' title='bbox 65 794 219 834; x_wconf 80' lang='lat' dir='ltr'>cortice</span> <span class='ocrx_word' id='word_1_45' title='bbox 249 794 441 846; x_wconf 87' lang='lat' dir='ltr'>indutus,</span> <span class='ocrx_word' id='word_1_46' title='bbox 483 781 600 846; x_wconf 70' lang='lat' dir='ltr'>ciijus</span> <span class='ocrx_word' id='word_1_47' title='bbox 641 803 819 837; x_wconf 82' lang='lat' dir='ltr'>stratum</span> <span class='ocrx_word' id='word_1_48' title='bbox 849 801 1034 840; x_wconf 82' lang='lat' dir='ltr'>exterius</span> <span class='ocrx_word' id='word_1_49' title='bbox 1062 802 1429 841; x_wconf 76' lang='lat' dir='ltr'>membranaceum</span> <span class='ocrx_word' id='word_1_50' title='bbox 1457 814 1524 840; x_wconf 81' lang='lat' dir='ltr'>se·-</span> 
     </span>
     <span class='ocr_line' id='line_1_10' title="bbox 63 870 1524 933; baseline 0.003 -22"><span class='ocrx_word' id='word_1_51' title='bbox 63 872 222 911; x_wconf 84' lang='lat' dir='ltr'>riceum</span> <span class='ocrx_word' id='word_1_52' title='bbox 252 872 384 912; x_wconf 86' lang='lat' dir='ltr'>altero</span> <span class='ocrx_word' id='word_1_53' title='bbox 415 885 526 911; x_wconf 89' lang='lat' dir='ltr'>anno</span> <span class='ocrx_word' id='word_1_54' title='bbox 566 870 748 923; x_wconf 75' lang='lat' dir='ltr'>secedit3</span> <span class='ocrx_word' id='word_1_55' title='bbox 787 873 961 915; x_wconf 86' lang='lat' dir='ltr'>interius</span> <span class='ocrx_word' id='word_1_56' title='bbox 1003 890 1106 917; x_wconf 84' lang='lat' dir='ltr'>vero</span> <span class='ocrx_word' id='word_1_57' title='bbox 1135 876 1290 933; x_wconf 77' lang='lat' dir='ltr'>partim</span> <span class='ocrx_word' id='word_1_58' title='bbox 1327 877 1370 916; x_wconf 87' lang='lat' dir='ltr'>in</span> <span class='ocrx_word' id='word_1_59' title='bbox 1400 876 1524 916; x_wconf 84' lang='lat' dir='ltr'>fibras</span> 
     </span>
     <span class='ocr_line' id='line_1_11' title="bbox 63 947 1526 1006; baseline 0.002 -18"><span class='ocrx_word' id='word_1_60' title='bbox 63 949 313 999; x_wconf 79' lang='lat' dir='ltr'>crassiores,</span> <span class='ocrx_word' id='word_1_61' title='bbox 351 947 505 1003; x_wconf 85' lang='lat' dir='ltr'>partim</span> <span class='ocrx_word' id='word_1_62' title='bbox 535 947 579 986; x_wconf 89' lang='lat' dir='ltr'>in</span> <span class='ocrx_word' id='word_1_63' title='bbox 609 949 803 989; x_wconf 76' lang='lat' dir='ltr'>lamellas</span> <span class='ocrx_word' id='word_1_64' title='bbox 835 958 984 992; x_wconf 84' lang='lat' dir='ltr'>tenues</span> <span class='ocrx_word' id='word_1_65' title='bbox 1015 951 1249 993; x_wconf 85' lang='lat' dir='ltr'>diffinditur</span> <span class='ocrx_word' id='word_1_66' title='bbox 1277 953 1402 992; x_wconf 89' lang='lat' dir='ltr'>caulis</span> <span class='ocrx_word' id='word_1_67' title='bbox 1431 966 1526 1006; x_wconf 79' lang='lat' dir='ltr'>par-</span> 
     </span>
     <span class='ocr_line' id='line_1_12' title="bbox 60 1024 1523 1076; baseline 0.002 -11"><span class='ocrx_word' id='word_1_68' title='bbox 60 1032 150 1066; x_wconf 82' lang='lat' dir='ltr'>tem</span> <span class='ocrx_word' id='word_1_69' title='bbox 178 1025 426 1065; x_wconf 84' lang='lat' dir='ltr'>inferiorem</span> <span class='ocrx_word' id='word_1_70' title='bbox 466 1024 566 1063; x_wconf 84' lang='lat' dir='ltr'>laxe</span> <span class='ocrx_word' id='word_1_71' title='bbox 608 1025 867 1076; x_wconf 75' lang='lat' dir='ltr'>obtegentes.</span> <span class='ocrx_word' id='word_1_72' title='bbox 930 1027 1082 1069; x_wconf 81' lang='lat' dir='ltr'>Rami</span> <span class='ocrx_word' id='word_1_73' title='bbox 1124 1029 1318 1069; x_wconf 89' lang='lat' dir='ltr'>annotini</span> <span class='ocrx_word' id='word_1_74' title='bbox 1355 1027 1523 1068; x_wconf 83' lang='lat' dir='ltr'>sericei:</span> 
     </span>
     <span class='ocr_line' id='line_1_13' title="bbox 62 1099 1528 1158; baseline 0.002 -17"><span class='ocrx_word' id='word_1_75' title='bbox 62 1101 161 1158; x_wconf 83' lang='lat' dir='ltr'>pilis</span> <span class='ocrx_word' id='word_1_76' title='bbox 190 1101 580 1141; x_wconf 84' lang='lat' dir='ltr'>ssavo—virentibus</span> <span class='ocrx_word' id='word_1_77' title='bbox 612 1107 653 1140; x_wconf 84' lang='lat' dir='ltr'>et</span> <span class='ocrx_word' id='word_1_78' title='bbox 684 1099 854 1156; x_wconf 82' lang='lat' dir='ltr'>quidem</span> <span class='ocrx_word' id='word_1_79' title='bbox 897 1117 948 1144; x_wconf 89' lang='lat' dir='ltr'>eo</span> <span class='ocrx_word' id='word_1_80' title='bbox 987 1103 1122 1158; x_wconf 80' lang='lat' dir='ltr'>magis</span> <span class='ocrx_word' id='word_1_81' title='bbox 1163 1105 1207 1145; x_wconf 87' lang='lat' dir='ltr'>in</span> <span class='ocrx_word' id='word_1_82' title='bbox 1238 1105 1400 1145; x_wconf 82' lang='lat' dir='ltr'>flavum</span> <span class='ocrx_word' id='word_1_83' title='bbox 1428 1117 1528 1144; x_wconf 82' lang='lat' dir='ltr'>ver·</span> 
     </span>
     <span class='ocr_line' id='line_1_14' title="bbox 61 1177 1526 1236; baseline 0.001 -17"><span class='ocrx_word' id='word_1_84' title='bbox 61 1178 278 1231; x_wconf 81' lang='lat' dir='ltr'>gentibus,</span> <span class='ocrx_word' id='word_1_85' title='bbox 312 1191 394 1232; x_wconf 81' lang='lat' dir='ltr'>quo</span> <span class='ocrx_word' id='word_1_86' title='bbox 424 1177 563 1228; x_wconf 83' lang='lat' dir='ltr'>junior</span> <span class='ocrx_word' id='word_1_87' title='bbox 594 1184 658 1217; x_wconf 89' lang='lat' dir='ltr'>est</span> <span class='ocrx_word' id='word_1_88' title='bbox 689 1191 843 1221; x_wconf 78' lang='lat' dir='ltr'>rainuS.</span> <span class='ocrx_word' id='word_1_89' title='bbox 902 1179 1060 1219; x_wconf 85' lang='lat' dir='ltr'>Folia</span> <span class='ocrx_word' id='word_1_90' title='bbox 1099 1180 1258 1236; x_wconf 83' lang='lat' dir='ltr'>petiolo</span> <span class='ocrx_word' id='word_1_91' title='bbox 1288 1181 1406 1221; x_wconf 85' lang='lat' dir='ltr'>brevi</span> <span class='ocrx_word' id='word_1_92' title='bbox 1436 1182 1526 1221; x_wconf 77' lang='lat' dir='ltr'>suf-</span> 
     </span>
     <span class='ocr_line' id='line_1_15' title="bbox 62 1253 1525 1313; baseline 0.001 -19"><span class='ocrx_word' id='word_1_93' title='bbox 62 1257 182 1308; x_wconf 81' lang='lat' dir='ltr'>fulta,</span> <span class='ocrx_word' id='word_1_94' title='bbox 213 1255 410 1310; x_wconf 82' lang='lat' dir='ltr'>patentia,</span> <span class='ocrx_word' id='word_1_95' title='bbox 442 1253 608 1309; x_wconf 86' lang='lat' dir='ltr'>saepius</span> <span class='ocrx_word' id='word_1_96' title='bbox 638 1253 715 1306; x_wconf 72' lang='lat'>4-,</span> <span class='ocrx_word' id='word_1_97' title='bbox 746 1255 879 1295; x_wconf 82' lang='lat' dir='ltr'>rarius</span> <span class='ocrx_word' id='word_1_98' title='bbox 909 1255 1060 1307; x_wconf 75' lang='lat' dir='ltr'>trijuga</span> <span class='ocrx_word' id='word_1_99' title='bbox 1090 1270 1183 1297; x_wconf 90' lang='lat' dir='ltr'>cum</span> <span class='ocrx_word' id='word_1_100' title='bbox 1214 1256 1378 1313; x_wconf 80' lang='lat' dir='ltr'>impari.</span> <span class='ocrx_word' id='word_1_101' title='bbox 1423 1255 1525 1298; x_wconf 84' lang='lat' dir='ltr'>Ra-</span> 
     </span>
     <span class='ocr_line' id='line_1_16' title="bbox 63 1329 1525 1389; baseline -0.001 -17"><span class='ocrx_word' id='word_1_102' title='bbox 63 1333 181 1372; x_wconf 83' lang='lat' dir='ltr'>chis</span> <span class='ocrx_word' id='word_1_103' title='bbox 213 1346 308 1372; x_wconf 89' lang='lat' dir='ltr'>cum</span> <span class='ocrx_word' id='word_1_104' title='bbox 338 1331 554 1387; x_wconf 86' lang='lat' dir='ltr'>petiolo</span> <span class='ocrx_word' id='word_1_105' title='bbox 586 1329 755 1385; x_wconf 51' lang='lat'>17¹4-——2</span> <span class='ocrx_word' id='word_1_106' title='bbox 785 1330 958 1386; x_wconf 82' lang='lat' dir='ltr'>pollices</span> <span class='ocrx_word' id='word_1_107' title='bbox 987 1332 1128 1384; x_wconf 85' lang='lat' dir='ltr'>longa,</span> <span class='ocrx_word' id='word_1_108' title='bbox 1161 1346 1285 1389; x_wconf 87' lang='lat' dir='ltr'>supra</span> <span class='ocrx_word' id='word_1_109' title='bbox 1317 1333 1525 1372; x_wconf 85' lang='lat' dir='ltr'>canalicu-</span> 
     </span>
     <span class='ocr_line' id='line_1_17' title="bbox 63 1407 1524 1464; baseline -0.001 -15"><span class='ocrx_word' id='word_1_110' title='bbox 63 1411 161 1460; x_wconf 86' lang='lat' dir='ltr'>lata,</span> <span class='ocrx_word' id='word_1_111' title='bbox 195 1409 296 1448; x_wconf 83' lang='lat' dir='ltr'>setis</span> <span class='ocrx_word' id='word_1_112' title='bbox 328 1407 535 1463; x_wconf 84' lang='lat' dir='ltr'>adpressis</span> <span class='ocrx_word' id='word_1_113' title='bbox 568 1409 715 1448; x_wconf 80' lang='lat' dir='ltr'>obsita.</span> <span class='ocrx_word' id='word_1_114' title='bbox 776 1407 996 1448; x_wconf 87' lang='lat' dir='ltr'>Foliola</span> <span class='ocrx_word' id='word_1_115' title='bbox 1035 1409 1239 1464; x_wconf 69' lang='lat' dir='ltr'>emptica,</span> <span class='ocrx_word' id='word_1_116' title='bbox 1279 1410 1524 1450; x_wconf 79' lang='lat' dir='ltr'>submucro-</span> 
     </span>
     <span class='ocr_line' id='line_1_18' title="bbox 61 1483 1522 1540; baseline -0.002 -14"><span class='ocrx_word' id='word_1_117' title='bbox 61 1493 173 1537; x_wconf 84' lang='lat' dir='ltr'>nata,</span> <span class='ocrx_word' id='word_1_118' title='bbox 208 1484 395 1526; x_wconf 83' lang='lat'>10-15</span> <span class='ocrx_word' id='word_1_119' title='bbox 427 1485 561 1525; x_wconf 85' lang='lat' dir='ltr'>lineas</span> <span class='ocrx_word' id='word_1_120' title='bbox 589 1485 728 1537; x_wconf 86' lang='lat' dir='ltr'>longa,</span> <span class='ocrx_word' id='word_1_121' title='bbox 759 1483 894 1524; x_wconf 79' lang='lat'>4—-5</span> <span class='ocrx_word' id='word_1_122' title='bbox 926 1483 1060 1524; x_wconf 85' lang='lat' dir='ltr'>lineas</span> <span class='ocrx_word' id='word_1_123' title='bbox 1089 1485 1197 1533; x_wconf 79' lang='lat' dir='ltr'>lata,</span> <span class='ocrx_word' id='word_1_124' title='bbox 1229 1485 1424 1540; x_wconf 77' lang='lat' dir='ltr'>utrinque</span> <span class='ocrx_word' id='word_1_125' title='bbox 1455 1498 1522 1524; x_wconf 84' lang='lat' dir='ltr'>se-</span> 
     </span>
     <span class='ocr_line' id='line_1_19' title="bbox 61 1559 1521 1616; baseline -0.004 -12"><span class='ocrx_word' id='word_1_126' title='bbox 61 1571 181 1604; x_wconf 83' lang='lat' dir='ltr'>tosa:</span> <span class='ocrx_word' id='word_1_127' title='bbox 221 1562 326 1602; x_wconf 77' lang='lat' dir='ltr'>setis</span> <span class='ocrx_word' id='word_1_128' title='bbox 363 1559 574 1616; x_wconf 83' lang='lat' dir='ltr'>adpressis</span> <span class='ocrx_word' id='word_1_129' title='bbox 610 1560 655 1601; x_wconf 86' lang='lat' dir='ltr'>in</span> <span class='ocrx_word' id='word_1_130' title='bbox 686 1561 840 1616; x_wconf 83' lang='lat' dir='ltr'>pagina</span> <span class='ocrx_word' id='word_1_131' title='bbox 873 1559 1079 1615; x_wconf 85' lang='lat' dir='ltr'>superiori</span> <span class='ocrx_word' id='word_1_132' title='bbox 1108 1560 1351 1612; x_wconf 78' lang='lat' dir='ltr'>rarissimis,</span> <span class='ocrx_word' id='word_1_133' title='bbox 1381 1560 1521 1600; x_wconf 83' lang='lat' dir='ltr'>omnia</span> 
     </span>
     <span class='ocr_line' id='line_1_20' title="bbox 61 1635 1523 1692; baseline -0.003 -12"><span class='ocrx_word' id='word_1_134' title='bbox 61 1640 230 1681; x_wconf 83' lang='lat' dir='ltr'>sessilia</span> <span class='ocrx_word' id='word_1_135' title='bbox 258 1639 327 1679; x_wconf 85' lang='lat' dir='ltr'>vel</span> <span class='ocrx_word' id='word_1_136' title='bbox 360 1637 615 1678; x_wconf 85' lang='lat' dir='ltr'>brevissime</span> <span class='ocrx_word' id='word_1_137' title='bbox 644 1637 906 1692; x_wconf 87' lang='lat' dir='ltr'>petiolulata.</span> <span class='ocrx_word' id='word_1_138' title='bbox 970 1635 1233 1692; x_wconf 85' lang='lat' dir='ltr'>Stipulae</span> <span class='ocrx_word' id='word_1_139' title='bbox 1263 1636 1523 1676; x_wconf 70' lang='lat' dir='ltr'>semiovato-</span> 
     </span>
     <span class='ocr_line' id='line_1_21' title="bbox 62 1710 1523 1767; baseline -0.005 -9"><span class='ocrx_word' id='word_1_140' title='bbox 62 1717 337 1765; x_wconf 85' lang='lat' dir='ltr'>lanceolatae,</span> <span class='ocrx_word' id='word_1_141' title='bbox 369 1722 492 1754; x_wconf 79' lang='lat' dir='ltr'>extus</span> <span class='ocrx_word' id='word_1_142' title='bbox 521 1712 574 1753; x_wconf 85' lang='lat' dir='ltr'>ad</span> <span class='ocrx_word' id='word_1_143' title='bbox 598 1715 717 1754; x_wconf 88' lang='lat' dir='ltr'>basin</span> <span class='ocrx_word' id='word_1_144' title='bbox 741 1711 1006 1764; x_wconf 83' lang='lat' dir='ltr'>densissime,</span> <span class='ocrx_word' id='word_1_145' title='bbox 1038 1719 1248 1753; x_wconf 81' lang='lat' dir='ltr'>caeterum</span> <span class='ocrx_word' id='word_1_146' title='bbox 1266 1713 1427 1767; x_wconf 82' lang='lat' dir='ltr'>parcius</span> <span class='ocrx_word' id='word_1_147' title='bbox 1447 1710 1523 1751; x_wconf 87' lang='lat' dir='ltr'>ad-</span> 
     </span>
     <span class='ocr_line' id='line_1_22' title="bbox 61 1786 1521 1850; baseline -0.006 -16"><span class='ocrx_word' id='word_1_148' title='bbox 61 1807 205 1850; x_wconf 83' lang='lat' dir='ltr'>presse</span> <span class='ocrx_word' id='word_1_149' title='bbox 237 1799 425 1833; x_wconf 77' lang='lat' dir='ltr'>setosae:</span> <span class='ocrx_word' id='word_1_150' title='bbox 458 1791 560 1831; x_wconf 87' lang='lat' dir='ltr'>setis</span> <span class='ocrx_word' id='word_1_151' title='bbox 590 1789 644 1832; x_wconf 81' lang='lat' dir='ltr'>ad</span> <span class='ocrx_word' id='word_1_152' title='bbox 673 1791 793 1831; x_wconf 83' lang='lat' dir='ltr'>basin</span> <span class='ocrx_word' id='word_1_153' title='bbox 827 1797 871 1830; x_wconf 81' lang='lat' dir='ltr'>et</span> <span class='ocrx_word' id='word_1_154' title='bbox 900 1789 1060 1844; x_wconf 84' lang='lat' dir='ltr'>apicem</span> <span class='ocrx_word' id='word_1_155' title='bbox 1091 1789 1221 1840; x_wconf 88' lang='lat' dir='ltr'>albis,</span> <span class='ocrx_word' id='word_1_156' title='bbox 1252 1801 1378 1844; x_wconf 85' lang='lat' dir='ltr'>supra</span> <span class='ocrx_word' id='word_1_157' title='bbox 1407 1786 1521 1828; x_wconf 87' lang='lat' dir='ltr'>basin</span> 
     </span>
     <span class='ocr_line' id='line_1_23' title="bbox 62 1863 1523 1923; baseline -0.005 -13"><span class='ocrx_word' id='word_1_158' title='bbox 62 1869 378 1923; x_wconf 81' lang='lat' dir='ltr'>nigricantibus.</span> <span class='ocrx_word' id='word_1_159' title='bbox 433 1866 781 1908; x_wconf 86' lang='lat' dir='ltr'>Pedunculus</span> <span class='ocrx_word' id='word_1_160' title='bbox 812 1865 1015 1915; x_wconf 82' lang='lat' dir='ltr'>axiHaris,</span> <span class='ocrx_word' id='word_1_161' title='bbox 1045 1866 1104 1907; x_wconf 88' lang='lat'>3-</span> <span class='ocrx_word' id='word_1_162' title='bbox 1132 1863 1427 1920; x_wconf 81' lang='lat' dir='ltr'>4—pollicaris,</span> <span class='ocrx_word' id='word_1_163' title='bbox 1456 1865 1523 1903; x_wconf 87' lang='lat' dir='ltr'>fo-</span> 
     </span>
     <span class='ocr_line' id='line_1_24' title="bbox 64 1938 1523 1998; baseline -0.007 -11"><span class='ocrx_word' id='word_1_164' title='bbox 64 1948 121 1988; x_wconf 89' lang='lat' dir='ltr'>lio</span> <span class='ocrx_word' id='word_1_165' title='bbox 150 1946 340 1998; x_wconf 83' lang='lat' dir='ltr'>longior,</span> <span class='ocrx_word' id='word_1_166' title='bbox 373 1952 549 1996; x_wconf 83' lang='lat' dir='ltr'>erectus,</span> <span class='ocrx_word' id='word_1_167' title='bbox 581 1944 769 1995; x_wconf 83' lang='lat' dir='ltr'>strictus,</span> <span class='ocrx_word' id='word_1_168' title='bbox 799 1943 1197 1994; x_wconf 83' lang='lat' dir='ltr'>striato-sulcatus,</span> <span class='ocrx_word' id='word_1_169' title='bbox 1226 1940 1326 1981; x_wconf 85' lang='lat' dir='ltr'>setis</span> <span class='ocrx_word' id='word_1_170' title='bbox 1358 1938 1523 1978; x_wconf 82' lang='lat' dir='ltr'>rarissi-</span> 
     </span>
     <span class='ocr_line' id='line_1_25' title="bbox 63 2014 1520 2078; baseline -0.007 -14"><span class='ocrx_word' id='word_1_171' title='bbox 63 2025 147 2065; x_wconf 88' lang='lat' dir='ltr'>mis</span> <span class='ocrx_word' id='word_1_172' title='bbox 177 2022 417 2078; x_wconf 86' lang='lat' dir='ltr'>adspersus.</span> <span class='ocrx_word' id='word_1_173' title='bbox 476 2020 672 2075; x_wconf 86' lang='lat' dir='ltr'>Spicae</span> <span class='ocrx_word' id='word_1_174' title='bbox 707 2020 907 2072; x_wconf 74' lang='lat' dir='ltr'>globosae</span> <span class='ocrx_word' id='word_1_175' title='bbox 946 2020 1018 2060; x_wconf 86' lang='lat' dir='ltr'>vel</span> <span class='ocrx_word' id='word_1_176' title='bbox 1046 2017 1278 2074; x_wconf 80' lang='lat' dir='ltr'>ellipticae,</span> <span class='ocrx_word' id='word_1_177' title='bbox 1320 2014 1520 2056; x_wconf 87' lang='lat'>10-30-</span> 
     </span>
     <span class='ocr_line' id='line_1_26' title="bbox 63 2090 1522 2153; baseline -0.008 -12"><span class='ocrx_word' id='word_1_178' title='bbox 63 2100 173 2142; x_wconf 83' lang='lat' dir='ltr'>flori.</span> <span class='ocrx_word' id='word_1_179' title='bbox 228 2098 421 2140; x_wconf 85' lang='lat' dir='ltr'>Flores</span> <span class='ocrx_word' id='word_1_180' title='bbox 450 2097 637 2152; x_wconf 83' lang='lat' dir='ltr'>undique</span> <span class='ocrx_word' id='word_1_181' title='bbox 667 2097 818 2153; x_wconf 84' lang='lat' dir='ltr'>sparsi,</span> <span class='ocrx_word' id='word_1_182' title='bbox 851 2094 1162 2147; x_wconf 77' lang='lat' dir='ltr'>confertissimi,</span> <span class='ocrx_word' id='word_1_183' title='bbox 1192 2094 1249 2134; x_wconf 82' lang='lat' dir='ltr'>ita</span> <span class='ocrx_word' id='word_1_184' title='bbox 1277 2098 1322 2131; x_wconf 86' lang='lat' dir='ltr'>ut</span> <span class='ocrx_word' id='word_1_185' title='bbox 1348 2090 1522 2131; x_wconf 87' lang='lat' dir='ltr'>inferio-</span> 
     </span>
     <span class='ocr_line' id='line_1_27' title="bbox 65 2165 1521 2226; baseline -0.011 -7"><span class='ocrx_word' id='word_1_186' title='bbox 65 2191 135 2220; x_wconf 81' lang='lat' dir='ltr'>res</span> <span class='ocrx_word' id='word_1_187' title='bbox 163 2176 315 2217; x_wconf 81' lang='lat' dir='ltr'>reflexi</span> <span class='ocrx_word' id='word_1_188' title='bbox 344 2172 541 2226; x_wconf 78' lang='lat' dir='ltr'>evadant,</span> <span class='ocrx_word' id='word_1_189' title='bbox 571 2173 787 2215; x_wconf 81' lang='lat' dir='ltr'>bracteati.</span> <span class='ocrx_word' id='word_1_190' title='bbox 847 2172 1110 2214; x_wconf 81' lang='lat' dir='ltr'>Bracteae</span> <span class='ocrx_word' id='word_1_191' title='bbox 1139 2169 1412 2217; x_wconf 82' lang='lat' dir='ltr'>lanceolatae,</span> <span class='ocrx_word' id='word_1_192' title='bbox 1442 2165 1521 2205; x_wconf 91' lang='lat' dir='ltr'>ob-</span> 
     </span>
     <span class='ocr_line' id='line_1_28' title="bbox 66 2239 1522 2308; baseline -0.008 -14"><span class='ocrx_word' id='word_1_193' title='bbox 66 2251 345 2305; x_wconf 85' lang='lat' dir='ltr'>tusiusculae,</span> <span class='ocrx_word' id='word_1_194' title='bbox 384 2252 483 2308; x_wconf 89' lang='lat' dir='ltr'>pilis</span> <span class='ocrx_word' id='word_1_195' title='bbox 512 2251 646 2304; x_wconf 85' lang='lat' dir='ltr'>nigris</span> <span class='ocrx_word' id='word_1_196' title='bbox 675 2251 866 2303; x_wconf 85' lang='lat' dir='ltr'>ciliatae‚</span> <span class='ocrx_word' id='word_1_197' title='bbox 895 2257 993 2307; x_wconf 83' lang='lat' dir='ltr'>post</span> <span class='ocrx_word' id='word_1_198' title='bbox 1019 2248 1171 2290; x_wconf 88' lang='lat' dir='ltr'>florum</span> <span class='ocrx_word' id='word_1_199' title='bbox 1201 2245 1418 2299; x_wconf 83' lang='lat' dir='ltr'>delapsum</span> <span class='ocrx_word' id='word_1_200' title='bbox 1445 2239 1522 2283; x_wconf 81' lang='lat' dir='ltr'>ad-</span> 
     </span>
     <span class='ocr_line' id='line_1_29' title="bbox 66 2317 1519 2386; baseline -0.012 -13"><span class='ocrx_word' id='word_1_201' title='bbox 66 2334 149 2373; x_wconf 88' lang='lat' dir='ltr'>huc</span> <span class='ocrx_word' id='word_1_202' title='bbox 179 2329 462 2386; x_wconf 78' lang='lat' dir='ltr'>persistentes.</span> <span class='ocrx_word' id='word_1_203' title='bbox 521 2328 689 2381; x_wconf 83' lang='lat' dir='ltr'>Calyx</span> <span class='ocrx_word' id='word_1_204' title='bbox 716 2327 913 2377; x_wconf 83' lang='lat' dir='ltr'>inflatus,</span> <span class='ocrx_word' id='word_1_205' title='bbox 944 2322 1225 2382; x_wconf 84' lang='lat' dir='ltr'>ellipsoideus,</span> <span class='ocrx_word' id='word_1_206' title='bbox 1256 2317 1519 2360; x_wconf 83' lang='lat' dir='ltr'>membrana-</span> 
     </span>
     <span class='ocr_line' id='line_1_30' title="bbox 68 2393 1519 2460; baseline -0.012 -10"><span class='ocrx_word' id='word_1_207' title='bbox 68 2423 179 2460; x_wconf 87' lang='lat' dir='ltr'>ceus,</span> <span class='ocrx_word' id='word_1_208' title='bbox 196 2407 498 2457; x_wconf 65' lang='lat' dir='ltr'>suham-iosus,</span> <span class='ocrx_word' id='word_1_209' title='bbox 518 2406 775 2455; x_wconf 79' lang='lat' dir='ltr'>reticulatus,</span> <span class='ocrx_word' id='word_1_210' title='bbox 809 2403 992 2459; x_wconf 85' lang='lat' dir='ltr'>undique</span> <span class='ocrx_word' id='word_1_211' title='bbox 1011 2400 1106 2457; x_wconf 87' lang='lat' dir='ltr'>pilis</span> <span class='ocrx_word' id='word_1_212' title='bbox 1124 2395 1259 2448; x_wconf 84' lang='lat' dir='ltr'>longis</span> <span class='ocrx_word' id='word_1_213' title='bbox 1283 2393 1519 2450; x_wconf 82' lang='lat' dir='ltr'>patentibus</span> 
     </span>
     <span class='ocr_line' id='line_1_31' title="bbox 68 2468 1520 2527; baseline -0.014 0"><span class='ocrx_word' id='word_1_214' title='bbox 68 2487 147 2527; x_wconf 86' lang='lat' dir='ltr'>sub</span> <span class='ocrx_word' id='word_1_215' title='bbox 179 2482 347 2524; x_wconf 84' lang='lat' dir='ltr'>anthesi</span> <span class='ocrx_word' id='word_1_216' title='bbox 375 2480 735 2523; x_wconf 83' lang='lat' dir='ltr'>ssavo-viridibus</span> <span class='ocrx_word' id='word_1_217' title='bbox 755 2480 927 2521; x_wconf 78' lang='lat' dir='ltr'>demum</span> <span class='ocrx_word' id='word_1_218' title='bbox 957 2478 1062 2518; x_wconf 83' lang='lat' dir='ltr'>albis</span> <span class='ocrx_word' id='word_1_219' title='bbox 1089 2472 1303 2527; x_wconf 85' lang='lat' dir='ltr'>nigrisque</span> <span class='ocrx_word' id='word_1_220' title='bbox 1333 2468 1520 2518; x_wconf 80' lang='lat' dir='ltr'>vestitus,</span> 
     </span>
     <span class='ocr_line' id='line_1_32' title="bbox 69 2545 1520 2619; baseline -0.014 -16"><span class='ocrx_word' id='word_1_221' title='bbox 69 2557 477 2619; x_wconf 78' lang='lat' dir='ltr'>quinquedentatus:</span> <span class='ocrx_word' id='word_1_222' title='bbox 510 2558 698 2600; x_wconf 78' lang='lat' dir='ltr'>dentibus</span> <span class='ocrx_word' id='word_1_223' title='bbox 719 2551 1214 2601; x_wconf 75' lang='lat' dir='ltr'>lanceolam-linearibus,</span> <span class='ocrx_word' id='word_1_224' title='bbox 1236 2545 1378 2597; x_wconf 82' lang='lat' dir='ltr'>acutis,</span> <span class='ocrx_word' id='word_1_225' title='bbox 1407 2557 1520 2584; x_wconf 85' lang='lat' dir='ltr'>erec-</span> 
     </span>
     <span class='ocr_line' id='line_1_33' title="bbox 71 2620 1521 2692; baseline -0.017 -11"><span class='ocrx_word' id='word_1_226' title='bbox 71 2640 144 2692; x_wconf 80' lang='lat' dir='ltr'>tis,</span> <span class='ocrx_word' id='word_1_227' title='bbox 173 2635 437 2689; x_wconf 84' lang='lat' dir='ltr'>longitudine</span> <span class='ocrx_word' id='word_1_228' title='bbox 467 2634 631 2675; x_wconf 77' lang='lat' dir='ltr'>circiter</span> <span class='ocrx_word' id='word_1_229' title='bbox 660 2636 687 2689; x_wconf 65' lang='grc' dir='ltr'><em>ξ</em></span> <span class='ocrx_word' id='word_1_230' title='bbox 708 2636 812 2687; x_wconf 84' lang='lat' dir='ltr'>tubi,</span> <span class='ocrx_word' id='word_1_231' title='bbox 839 2633 936 2688; x_wconf 85' lang='lat' dir='ltr'>pilis</span> <span class='ocrx_word' id='word_1_232' title='bbox 965 2628 1102 2681; x_wconf 82' lang='lat' dir='ltr'>longis</span> <span class='ocrx_word' id='word_1_233' title='bbox 1124 2624 1254 2678; x_wconf 80' lang='lat' dir='ltr'>nigris</span> <span class='ocrx_word' id='word_1_234' title='bbox 1282 2623 1439 2676; x_wconf 84' lang='lat' dir='ltr'>aliquot</span> <span class='ocrx_word' id='word_1_235' title='bbox 1459 2620 1521 2658; x_wconf 83' lang='lat' dir='ltr'>al-</span> 
     </span>
     <span class='ocr_line' id='line_1_34' title="bbox 73 2696 1522 2759; baseline -0.012 -1"><span class='ocrx_word' id='word_1_236' title='bbox 73 2716 139 2759; x_wconf 88' lang='lat' dir='ltr'>bis</span> <span class='ocrx_word' id='word_1_237' title='bbox 167 2711 426 2758; x_wconf 82' lang='lat' dir='ltr'>intermixtis</span> <span class='ocrx_word' id='word_1_238' title='bbox 457 2711 587 2754; x_wconf 86' lang='lat' dir='ltr'>dense</span> <span class='ocrx_word' id='word_1_239' title='bbox 618 2711 757 2753; x_wconf 84' lang='lat' dir='ltr'>obsiti.</span> <span class='ocrx_word' id='word_1_240' title='bbox 817 2708 914 2751; x_wconf 81' lang='lat' dir='ltr'>Gor</span> <span class='ocrx_word' id='word_1_241' title='bbox 927 2706 1030 2748; x_wconf 83' lang='lat' dir='ltr'>olla</span> <span class='ocrx_word' id='word_1_242' title='bbox 1057 2703 1182 2746; x_wconf 71' lang='lat' dir='ltr'>flava.</span> <span class='ocrx_word' id='word_1_243' title='bbox 1243 2696 1522 2740; x_wconf 79' lang='lat' dir='ltr'>Vexillum</span> 
     </span>
    </p>
   </div>
  </div>
 </body>
</html>
