1648 2989
450 138 526 188 Cl.
563 139 723 188 XVII.
791 137 1106 202 Diadelphia.
1418 138 1508 185 287

51 263 120 316 sit,
152 277 279 320 quam
310 275 332 303 a
363 264 402 304 b.
432 263 596 304 Sievers
627 262 669 302 in
700 259 945 313 regionibus
976 275 998 300 a
1031 260 1147 301 nobis
1177 260 1403 316 peragratis
1433 261 1516 300 lec--

51 350 140 381 tam
171 354 266 381 esse
297 341 427 380 celeb.
460 339 605 379 Pallas
633 339 775 378 refert.
835 337 981 377 Flores
1013 346 1152 377 autem
1183 338 1224 376 in
1257 337 1310 378 Ο.
1338 351 1518 388 argen-

51 425 171 457 tata
211 417 295 456 albi
337 415 629 456 describuntur
666 412 728 469 (in
759 414 877 453 icone
914 414 1046 453 inimo
1077 414 1120 453 in
1154 415 1392 454 coeruleum
1423 427 1517 453 ver-

51 502 199 546 gentes
230 492 383 548 depicti
415 489 553 545 sunt),
597 491 809 542 minores;
849 491 893 530 in
934 499 1073 530 nostra
1112 498 1250 530 autem
1290 490 1517 544 sulphurei,

49 572 245 622 majores.
293 568 415 623 Scapi
446 569 488 607 in
522 575 735 620 argentata
768 565 1031 618 longitudine
1063 566 1283 618 soliorum3
1312 566 1356 604 in
1379 573 1516 605 nostra

49 648 134 699 jam
165 643 346 686 florendi
382 651 572 700 tempore
602 645 654 685 iis
686 645 867 684 altiores.

160 721 308 762 Variat
338 721 559 776 superficie
590 722 685 775 plus
716 720 856 760 minus
881 718 1062 770 sericea,
1094 715 1299 770 calycibus
1329 723 1371 756 et
1399 717 1518 768 legu-

48 798 235 841 minibus
266 798 394 837 albo-
424 805 467 837 et
499 795 824 850 nigro-pilosis.

163 876 213 916 In
244 875 394 930 planta
434 874 542 912 culta
583 871 852 924 leguminum
891 868 1130 925 superficies
1168 882 1293 923 quam
1331 867 1518 906 maxime

48 951 204 1003 variat,
244 952 301 991 ita
333 958 378 990 ut
410 950 450 989 in
484 964 569 990 uno
600 947 836 1003 eodemque
868 946 1098 1002 specimine
1128 945 1260 1000 pilosa
1300 952 1342 984 et
1374 951 1520 984 exacte

48 1030 190 1082 glabra
221 1026 458 1069 videantur.

159 1105 228 1145 An
270 1106 409 1143 forsan
454 1100 508 1142 O.
547 1099 864 1148 leucantha‚
918 1102 1210 1148 argentata
1257 1102 1299 1135 et
1336 1093 1523 1134 candi-

49 1196 169 1222 cans
199 1181 243 1221 in
274 1193 405 1219 unam
437 1178 533 1217 huic
563 1177 762 1225 affinem,
803 1174 885 1214 nisi
924 1172 1102 1212 eandem
1133 1171 1316 1227 speciem
1348 1174 1521 1222 conjun-

48 1255 243 1311 gendae?
272 1279 329 1286 ——-—
360 1253 551 1295 Coi-ollae
575 1254 758 1293 colorem
781 1250 891 1290 haud
924 1251 978 1289 ita
1010 1263 1102 1288 esse
1129 1255 1393 1288 constantem
1424 1262 1522 1302 spe-

49 1335 275 1375 ciminibus
307 1331 523 1372 nonnullis
554 1330 755 1379 edoceor,
795 1341 901 1382 quae
930 1326 1104 1366 floribus
1135 1338 1313 1364 amoene
1343 1325 1521 1379 sulphu-

48 1413 131 1452 reis
160 1410 260 1462 legi,
292 1423 470 1464 quorum
503 1414 648 1447 autem
679 1406 792 1444 color
822 1418 894 1460 per
917 1403 1244 1443 exsiccationem
1275 1401 1318 1440 in
1352 1399 1520 1440 sordide

49 1489 207 1536 album,
237 1486 678 1526 subcoerulescentem
709 1482 777 1522 vel
810 1480 1110 1521 violascentem
1141 1485 1327 1518 mutatus
1358 1484 1434 1518 est.

314 1616 386 1667 15)
430 1616 691 1659 Oxxmoms
725 1626 1010 1655 soouooch.
1053 1611 1242 1651 Decand.

50 1707 106 1758 Ο.
146 1705 458 1765 mbae-aulis,
494 1704 679 1752 foliolis
716 1700 996 1750 numerosis
1033 1695 1520 1760 oblongo-ellipticis

70 1820 71 1825 =
117 1794 349 1852 sericeis,
395 1792 557 1854 scapis
602 1790 737 1838 foliis
772 1790 915 1853 duplo
959 1784 1267 1850 longioribus
1305 1783 1520 1846 petiolis-

116 1899 210 1947 que
246 1879 641 1944 patulo-pilosis,
677 1877 882 1925 floribus
916 1873 1150 1939 spicati53
1196 1870 1520 1919 inferioribus

117 1967 433 2026 distantibus,
469 1965 686 2014 bracteis
722 1964 881 2012 ovatis
919 1960 1223 2010 acuminatis
1249 1960 1520 2023 calyceque

114 2058 229 2105 illas
273 2063 540 2119 superante
586 2052 909 2109 subsericeis‚
954 2047 1295 2116 leguminibus
1342 2045 1518 2093 erectis

115 2143 277 2193 ovatis
311 2142 528 2208 turgidis
557 2139 863 2191 acuminatis
888 2138 1078 2187 villosis
1104 2132 1517 2184 unilocularibus:

116 2231 355 2281 acumine
391 2240 673 2278 recurvato.

168 2316 227 2358 0·
256 2317 495 2369 songorica.
554 2318 743 2358 Decancl.
775 2315 930 2356 P'rodr.
962 2311 1026 2352 II.
1058 2327 1104 2366 p.
1133 2306 1231 2350 277.
1263 2305 1345 2344 No.
1378 2300 1445 2342 18.

164 2393 416 2445 Astragalus
455 2394 708 2446 songaricus.
778 2392 890 2432 Pau.
930 2390 1110 2439 Astrag.
1140 2371 1188 2438 ¹1²·
1221 2381 1289 2422 63·
1328 2380 1411 2419 No·
1445 2377 1511 2418 69-

219 2478 252 2511 1¹.
285 2469 365 2509 LI·
396 2493 446 2499 —
493 2470 637 2512 Willd.
667 2470 786 2524 Spec.
815 2472 874 2523 pl.
904 2466 984 2506 III.
1011 2480 1057 2518 p.
1091 2458 1214 2501 1306.
1244 2477 1300 2485 ·-
1339 2456 1514 2510 Spreng.

219 2546 333 2600 Syst.
368 2560 459 2598 veg.
492 2547 572 2586 ΙΙΙ.
602 2562 647 2600 p.
680 2543 779 2586 308.
811 2544 894 2584 No.
927 2539 1026 2582 206.

48 2625 156 2668 Hah.
179 2622 226 2664 in
256 2621 406 2677 apricis
432 2622 646 2662 montium
674 2635 804 2677 prope
828 2610 1173 2660 Alexandrowsk
1190 2608 1302 2660 (M.)
1332 2613 1374 2648 et
1393 2604 1516 2647 Sme-

105 2704 220 2755 jowr,
252 2696 304 2738 ad
333 2697 379 2740 fl.
405 2696 589 2738 Terekta
620 2696 724 2752 (R.)
783 2696 848 2737 ΕΙ.
882 2695 980 2734 Juu.
1042 2692 1105 2733 21..

147 2775 204 2818 O.
235 2773 472 2819 caudata.
499 2775 687 2816 Decand.
702 2774 852 2815 Fredr.
870 2771 928 2812 II.
944 2784 988 2823 p.
1006 2763 1106 2808 2¹77.
1122 2761 1204 2803 No.
1222 2757 1289 2800 17.
1315 2757 1515 2814 (Astra--
