1648 2989
102 152 200 199 340
514 145 591 195 Cl.
630 145 788 195 XVII·
858 143 1175 206 Diadelphia.

246 272 365 314 simis
398 270 610 327 adpressis
655 280 782 324 supra
822 267 1000 320 glabris,
1046 267 1205 307 vexillo
1237 266 1418 305 carinam
1448 279 1575 320 supe-

249 356 393 398 rante,
438 346 594 400 calycis
636 344 831 386 dentibus
871 344 973 384 tubo
1012 342 1139 399 triplo
1177 342 1464 396 longioribus,
1504 344 1573 383 lo-

244 424 379 465 menti
410 421 600 463 articulis
633 449 933 462 .....

106 502 216 543 Hab.
248 513 381 557 prope
412 498 562 541 Salair.
593 491 780 550 (Gebler)
815 499 877 542 ²³--

221 578 367 619 Planta
399 573 523 615 valde
563 574 730 613 vari-ans
768 570 1014 628 superficie,
1054 570 1235 611 caulium
1275 568 1496 609 altitudine
1535 577 1576 608 et

110 654 358 703 directione,
388 651 588 691 foliorum
615 663 792 689 numero
809 657 851 690 et
879 650 1032 699 forma,
1063 646 1175 701 spica
1205 645 1374 697 longius
1393 648 1460 685 vel
1483 646 1580 686 bre—

110 733 207 773 vius
231 728 527 786 pedunculata,
554 725 688 778 magis
708 727 778 765 vel
798 724 938 765 minus
961 725 1169 775 elongata,
1200 721 1355 762 multi—
1381 722 1449 763 vel
1474 736 1579 776 pau-

113 808 269 857 ciflora,
300 800 567 855 longitudine
597 801 846 841 laciniarum
877 800 1040 852 calycis,
1072 798 1366 849 magnitudine
1390 799 1579 838 omnium

113 884 354 942 petalorum
386 885 427 918 et
456 877 606 918 vexilli
635 876 681 917 in
704 877 868 932 specie,
900 875 1074 917 demum
1097 874 1370 916 articulorum
1401 875 1580 915 lomenti

115 972 294 1002 numero
325 963 367 996 et
396 952 630 1009 superficie.

224 1032 407 1076 Radix
436 1028 665 1085 perennis,
697 1029 1041 1082 sublignescens,
1080 1026 1322 1082 multiceps.
1383 1024 1582 1066 Caules

117 1107 509 1166 1-2-pollicares
549 1104 623 1156 (in
652 1119 762 1148 var.
795 1105 867 1155 α.)
899 1106 970 1145 vel
998 1102 1169 1160 pedales
1200 1110 1244 1142 et
1271 1101 1482 1154 longiores
1515 1101 1582 1150 (in

114 1204 262 1231 varr.
294 1201 334 1243 γ.
367 1181 407 1225 ὃ.
440 1190 485 1223 et
514 1183 596 1232 ε.),
629 1188 786 1222 teretes
816 1182 887 1222 vel
918 1178 1269 1221 striato-sulcati.
1329 1177 1484 1218 Folia
1514 1191 1585 1218 ra-

119 1265 235 1306 tione
264 1261 395 1303 totius
427 1259 596 1314 plantae
625 1260 783 1309 majora
812 1258 885 1298 vel
914 1257 1102 1297 minora:
1123 1255 1293 1307 foliolis
1309 1254 1584 1310 petiolulatis.

120 1339 371 1395 Stipulae
400 1338 765 1385 membranaceae,
791 1340 955 1384 ovatae,
979 1333 1269 1384 acuminatae3
1300 1331 1518 1382 inferiores
1540 1331 1585 1370 in

120 1431 249 1458 unam
281 1415 616 1470 oppositifoliam
647 1417 892 1461 concretae;
922 1413 1158 1464 superiores
1189 1407 1428 1447 distinctae.
1486 1406 1586 1447 Pe-

121 1494 299 1534 duncu
319 1492 351 1530 li
384 1492 599 1537 axillares,
629 1487 853 1543 superficie
885 1487 1027 1537 caulis,
1059 1484 1162 1525 folio
1193 1497 1344 1538 parum
1363 1484 1432 1523 vel
1460 1481 1587 1538 duplo

124 1570 307 1624 triplove
349 1567 575 1617 longiores.
636 1563 799 1620 Spica
839 1562 886 1602 in
926 1576 1070 1602 varr.
1102 1577 1144 1604 α.
1177 1567 1219 1600 et
1246 1560 1292 1615 β.
1323 1567 1469 1611 ovata,
1511 1573 1589 1614 pa·-

124 1660 221 1687 rum
253 1646 477 1695 elongata;
512 1642 556 1682 in
597 1643 832 1694 reliquis
869 1652 1004 1679 varr.
1038 1652 1124 1678 non
1155 1651 1248 1677 raro
1277 1634 1587 1688 longitudinem

124 1719 524 1775 6—-7—pollicarem
551 1718 778 1768 attingens.
837 1713 1096 1755 Bracteae
1123 1714 1483 1763 membranaceae,
1513 1725 1588 1767 pe-

124 1798 297 1842 dicellos
339 1802 611 1851 superantes,
664 1797 817 1833 ovatae
854 1790 928 1831 vel
977 1790 1262 1842 lanceolatae,
1312 1789 1587 1828 acuminatae.

123 1874 318 1914 Flores
347 1869 570 1928 purpurei,
612 1868 745 1911 rarius
775 1864 925 1918 albidi,
966 1863 1013 1905 in
1045 1879 1154 1908 var.
1183 1881 1225 1908 α.
1257 1866 1296 1916 5,
1327 1864 1373 1905 in
1407 1879 1515 1905 var.
1547 1879 1588 1920 y.

124 1948 168 2000 7,
198 1950 241 1988 in
272 1962 381 1989 var.
405 1963 439 1988 ε.
474 1945 528 1987 10
557 1947 646 1986 fere
674 1942 845 2000 pollices
874 1941 1016 1993 longi:
1041 1945 1197 1996 petalis
1225 1940 1588 1982 marcescentibus.

125 2023 396 2067 Lomenta
426 2029 589 2062 erecta:
623 2022 813 2062 articulis
842 2018 1179 2060 suborbiculatis.

242 2098 405 2140 Omnes
435 2099 512 2137 has
541 2097 770 2138 varietates
798 2095 845 2136 in
874 2108 1005 2135 unam
1024 2094 1210 2149 speciem
1239 2096 1460 2145 conjungo,
1493 2091 1591 2147 quia

128 2178 268 2218 nullos
299 2181 430 2234 certos
461 2172 619 2212 limites
649 2172 763 2212 inter
791 2171 885 2211 illas
915 2170 1109 2210 invenire
1139 2170 1272 2224 potui.
1304 2192 1361 2199 —-
1390 2168 1525 2222 Calyx
1543 2169 1589 2209 in

129 2252 323 2301 omnibus
353 2249 469 2290 hisce
499 2261 607 2288 varr.
638 2254 832 2302 patenter
859 2247 930 2287 vel
958 2244 1156 2299 adpresse
1186 2244 1359 2299 pilosus.

240 2326 311 2367 An
346 2325 398 2366 H.
430 2330 717 2365 venustum
748 2323 880 2362 Fisch.
912 2321 1123 2370 (Deo-and.
1154 2320 1311 2365 Prodr.
1341 2321 1401 2362 II.
1428 2336 1470 2375 p.
1487 2318 1586 2361 342.

128 2405 212 2445 No.
242 2399 338 2450 20.)
368 2403 420 2442 ab
450 2401 529 2440 hac
559 2399 700 2454 specie
731 2395 978 2439 diversum?

475 2510 522 2566 3)
564 2511 842 2552 HEDYSARUM
872 2521 1141 2550 memorum-
1183 2523 1240 2550 m.

128 2594 192 2639 H.
226 2590 512 2640 caulescens
544 2595 787 2647 erectum,
821 2586 958 2636 foliis
985 2585 1224 2651 pinnatis,
1258 2583 1443 2634 foliolis
1473 2599 1588 2631 ova—

194 2675 575 2726 to-lanceolatis
596 2674 765 2724 subtus
784 2673 1179 2738 pubescentibus,
1215 2672 1436 2721 racemis
1457 2671 1586 2718 elon-

192 2764 321 2830 gatis
352 2762 662 2825 axillaribus,
695 2761 910 2816 bracteis
937 2761 1204 2829 pedioenos
1221 2757 1584 2825 superantibuS‚
