1648 2989
107 109 203 159 166
483 107 560 157 Cl.
595 110 705 159 XV.
774 110 1183 175 Tetradynamia.

107 230 340 281 Funiculi
384 231 727 294 umbilioales,
771 233 944 289 liberi,
986 233 1275 298 (interdum
1318 234 1428 283 ima
1458 234 1566 283 basi

110 320 338 381 adnati,)
379 320 577 368 setacei.

239 438 350 483 Hoc
399 451 558 501 genus
612 436 973 499 quodammodo
1028 434 1237 500 ambigit
1290 436 1420 482 inter
1466 436 1500 485 S
1520 436 1570 482 i-

109 522 469 586 symbrieas
516 535 560 569 et
600 523 646 570 L
663 523 1022 585 epidineas,
1069 524 1150 569 secl
1193 526 1436 569 seminum
1471 525 1573 569 situ

108 610 281 655 melius
314 610 381 655 ad
415 609 558 673 Sisy
574 609 811 657 mbriea
826 626 848 656 s
881 607 1118 674 refertur.
1187 612 1250 655 In
1284 610 1318 658 S
1333 611 1484 656 melo
1499 628 1574 657 w-

108 694 207 743 ski
222 711 249 743 a
286 699 414 743 enim
447 698 700 761 margines
735 698 1081 762 cotyledonum
1114 709 1157 743 et
1187 698 1577 760 dissepimentum

108 795 329 847 spectant
365 795 408 830 et
441 785 689 831 radiculae
726 786 855 831 linea
884 786 1098 832 dorsalis
1129 785 1184 846 (s,
1210 786 1440 843 exterior)
1469 786 1576 849 plci-

111 881 274 916 centae
328 872 577 935 oppositae
627 873 874 935 paralleloe
928 883 1013 918 est⁰
1092 874 1155 917 In
1198 870 1245 918 L
1259 888 1284 917 e
1301 889 1327 933 p
1344 871 1360 917 i
1375 870 1402 917 d
1416 871 1432 917 i
1445 890 1473 918 n
1487 872 1576 918 eis

109 972 228 1003 vero
259 958 569 1022 cotyledone-5
601 959 946 1024 dissepimento
981 970 1095 1005 sunt
1127 959 1411 1023 parallelae,
1446 975 1578 1004 mar-

111 1042 307 1108 ginibus
341 1046 438 1091 suis
469 1046 724 1109 placentas
757 1058 1054 1111 spectantes,
1087 1046 1340 1093 radiculae
1374 1047 1579 1091 dorsum

111 1130 337 1179 valvulae
368 1132 636 1178 adversum.

245 1245 666 1295 Smelowskia
709 1248 776 1292 acl
810 1249 1106 1296 Eutrema
1142 1252 1196 1295 R.
1235 1250 1318 1293 Br.
1352 1249 1579 1313 proxime

112 1333 311 1389 accedit,
365 1350 399 1379 a
456 1350 552 1396 quo
600 1337 897 1397 praesertim
947 1336 1296 1398 dissepimento
1342 1337 1577 1398 completo

111 1419 434 1484 dignoscitur.
480 1424 529 1467 A
559 1421 975 1481 Hutchinsia,
1014 1439 1222 1484 quacum
1250 1423 1425 1487 species
1453 1422 1579 1466 duae

114 1508 393 1570 conjunctae
424 1504 671 1571 fuerunt,
714 1510 892 1554 recedit
924 1507 1105 1573 fructu
1139 1511 1297 1572 magis
1334 1509 1578 1572 elongato,

112 1594 328 1639 valvulis
359 1595 448 1640 vinc
482 1593 839 1640 navicularibus
876 1608 918 1641 et
949 1597 1244 1660 praesertim
1283 1597 1581 1659 cotyledoni-

113 1677 198 1725 bus
232 1679 623 1736 incumbentibus,
659 1697 759 1727 non
788 1682 1186 1738 accumbentibuS,
1218 1684 1440 1729 radicula
1473 1685 1580 1746 pla-

116 1768 284 1821 centis,
328 1783 429 1813 non
472 1769 787 1815 valvularum
823 1772 1020 1815 carinae
1062 1771 1323 1833 parallela.
1393 1772 1444 1816 A
1479 1770 1578 1818 Si-

115 1853 402 1916 symbrio
444 1855 558 1914 jam
600 1856 781 1918 siliqua
823 1855 1130 1913 abbreviata,
1187 1859 1416 1919 utrinque
1462 1869 1580 1903 atte-

117 1951 273 1985 nuata
318 1951 361 1986 et
404 1941 747 2006 dissepimento
796 1943 1008 2009 oblongo
1054 1947 1182 1990 satis
1225 1945 1452 1990 distincta
1500 1955 1577 1989 est.

119 2029 168 2073 A
197 2025 590 2087 ReydowskiQ
627 2047 836 2092 quacum
872 2032 1006 2076 haud
1039 2034 1169 2078 male
1204 2033 1436 2084 convenit,
1468 2027 1581 2094 fru-

119 2124 225 2160 ctus
268 2124 517 2160 structura
558 2131 863 2182 summopere
904 2119 1066 2164 distat.
1134 2112 1327 2184 Differt
1360 2117 1580 2179 denique,

118 2211 314 2266 praeter
355 2212 502 2247 notas
543 2217 700 2267 supra
742 2217 1061 2260 memoratas,
1109 2221 1141 2249 a
1175 2204 1260 2251 Le
1273 2202 1444 2266 pidio
1478 2205 1584 2250 val-

119 2289 249 2335 vulis
276 2290 364 2335 vix
383 2289 784 2343 'navicularibus5
818 2292 983 2337 loculis
1007 2289 1432 2356 2—-4-spermis,
1461 2282 1583 2337 n'un-

123 2391 275 2438 quam
305 2378 684 2441 monospermis5
719 2394 752 2422 a
787 2374 1082 2440 Capsella
1109 2379 1284 2441 forma
1307 2368 1509 2443 fructus
1539 2390 1583 2424 et

123 2462 378 2509 seminibus
421 2464 538 2510 uni·
574 2463 707 2525 (non
740 2462 852 2524 lat)
887 2464 1161 2525 serialihus,
1196 2484 1229 2511 a
1264 2467 1582 2513 Bivonaea

123 2550 316 2596 silicula
349 2567 433 2597 nec
466 2552 802 2615 emarginatcz,
848 2568 931 2598 nec
963 2554 1101 2598 alata
1111 2568 1129 2606 ,·
1174 2552 1235 2599 ab
1269 2552 1584 2601 Eunomia

113 2634 360 2699 funiculis
382 2637 541 2684 liberis
563 2650 759 2700 totoque
784 2637 953 2684 habitu
965 2655 981 2691 ;
1009 2639 1070 2684 ab
1095 2640 1470 2689 Aethionem
1486 2648 1582 2689 ate

128 2734 171 2768 et
203 2725 500 2787 siliquarum
533 2737 576 2773 et
592 2723 975 2793 filamentorurn
1007 2739 1266 2775 structura.
