1648 2989
139 136 238 184 282
543 128 618 179 Cl.
655 130 814 181 XVIl.
884 129 1196 193 Diadelphia.

240 252 448 296 ,Radix
486 252 733 309 multicepS,
779 265 937 303 crassa,
980 253 1166 305 lignosa,
1208 260 1331 294 extus
1369 252 1591 305 nigricans.

136 332 306 374 Herba
335 337 421 370 tota
451 330 546 385 pilis
577 328 784 384 adpressis
814 329 975 383 parcius
997 329 1066 369 vel
1096 329 1267 369 densius
1289 330 1434 370 obsita.
1470 328 1595 369 Cau-

136 409 214 448 les
243 409 286 447 in
318 422 360 448 α.
393 405 562 462 pedales
590 406 661 446 vel
691 403 927 459 bipedales,
956 404 1181 456 fructiferi
1221 403 1398 445 subinde
1428 405 1593 456 longio-

136 498 221 535 res,
260 482 457 538 prostrati
485 483 557 523 vel
585 482 702 537 apice
731 479 1053 534 adscendente53
1093 482 1136 521 in
1166 482 1210 536 β.
1242 481 1270 522 2
1290 503 1345 510 -
1366 480 1392 521 6
1424 481 1596 536 pollica-

134 574 216 610 res,
248 573 301 600 ex
333 567 421 599 toto
452 558 660 614 prostrati.
721 556 883 597 Folia
912 557 1084 613 pinnata
1115 572 1209 598 cum
1238 557 1411 612 impari:
1430 559 1596 615 joliolis

135 635 324 677 13-—29
355 634 739 686 ovato-oblongis3
770 633 816 673 in
846 649 889 675 α.
914 633 1143 685 latioribus,
1174 634 1439 685 acutioribus,
1470 645 1595 688 saepe

111 709 302 753 ‘alternis
333 712 402 751 vel
437 712 587 751 saltem
618 726 703 750 non
739 718 886 750 exacte
922 711 1152 766 oppositis3
1191 710 1233 750 in
1264 710 1309 765 β.
1339 709 1595 761 angustiori-

132 789 233 839 bus,
264 787 577 838 obtusiusculis‚
608 788 856 842 plerumque
887 794 1032 826 exacte
1062 786 1289 842 oppositi53
1332 786 1518 827 omnibus
1551 784 1592 823 in

132 871 309 918 utraque
328 864 547 915 varietate,
577 863 792 903 terminali
823 869 966 903 tamen
997 863 1179 915 longius,
1209 862 1441 917 petiolatis.
1481 860 1595 903 Sti-

131 940 294 997 pulae
324 953 346 978 a
379 939 536 994 petiolo
567 938 746 980 omnino'
769 940 994 989 sejunctae,
1025 938 1133 978 cauli
1162 938 1357 989 insertae,
1388 936 1594 991 oppositi-

130 1017 271 1067 foliae,
303 1022 511 1071 patentes,
541 1015 790 1069 plerumque
814 1014 857 1052 in
890 1027 1019 1054 unam
1049 1012 1101 1054 ad
1125 1014 1314 1055 medium
1343 1016 1432 1053 fere
1461 1025 1595 1066 usque

130 1091 301 1133 bifidam
333 1098 549 1141 connatae,
581 1090 696 1129 intus
724 1090 985 1141 subglabrae,
1016 1097 1143 1130 extus
1165 1097 1212 1129 ut
1241 1097 1326 1130 tota
1347 1090 1488 1145 planta
1520 1083 1595 1127 ad-

129 1183 271 1225 presse
302 1168 482 1223 pilosae,
514 1166 702 1225 margine
733 1167 859 1217 longe
889 1166 1064 1206 ciliatae.
1123 1165 1347 1208 Racemi
1377 1165 1594 1220 peduncu-

128 1247 230 1298 lati3
269 1245 313 1284 in
345 1260 386 1286 a.
416 1241 830 1298 2-3-pollicares,
862 1242 1061 1293 laxiores,
1092 1242 1267 1283 floribus
1300 1240 1509 1293 11—2‘73
1550 1241 1592 1280 in

127 1322 173 1378 β.
203 1321 557 1376 semipollicares,
591 1318 831 1370 densiores,
861 1319 1034 1359 floribus
1064 1317 1249 1370 3—12,
1279 1333 1361 1358 una
1393 1333 1487 1358 cum
1516 1333 1595 1373 pe·-

127 1398 311 1439 dunculo
347 1398 423 1437 sub
460 1395 630 1435 anthesi
658 1396 811 1435 folium
841 1396 1176 1451 subaequantes,
1214 1397 1351 1436 fructu
1384 1403 1592 1436 matures-

126 1482 248 1516 cente
286 1488 371 1514 non
411 1486 504 1512 raro
539 1471 713 1526 duplam
752 1471 1063 1524 longitudinem
1104 1472 1372 1523 attingentes.
1433 1471 1593 1511 Brac-

128 1559 255 1592 teae
287 1556 461 1596 ovatae,
492 1547 777 1599 acuminatae,
808 1546 1013 1602 pedicello
1042 1548 1269 1600 longiores.
1329 1546 1497 1600 Calyx
1526 1550 1596 1603 pi..

127 1629 181 1670 lis
212 1624 501 1680 subadpressis
532 1624 637 1663 albis
668 1631 710 1663 et
740 1624 870 1675 nigris
900 1623 1155 1664 intermixtis
1187 1623 1371 1664 obsitus:
1406 1626 1592 1664 dentibus

129 1706 154 1756 {-
183 1703 255 1745 vel
282 1704 311 1756 ξ
341 1701 431 1741 tubi
467 1699 757 1754 aequantibus.
827 1698 1085 1739 Corollae
1124 1699 1593 1741 coeruleo-violascen-

125 1787 206 1831 tes,
235 1778 355 1819 basin
384 1789 534 1818 versus
563 1777 834 1816 lutescentes.
883 1774 1163 1815 Vexillum
1195 1783 1398 1817 retusum.
1457 1776 1591 1817 Alae

123 1856 337 1907 integrae,
380 1851 645 1905 longitudine
675 1851 841 1893 vexilli.
901 1849 1095 1893 Carina
1136 1866 1231 1892 cum
1272 1866 1478 1894 mucrone
1517 1855 1592 1894 alis

123 1930 310 1974 brevior.
366 1927 639 1982 Legumin
660 1941 684 1967 a
724 1929 836 1980 stylo
863 1927 1117 1984 persistente
1147 1928 1348 1970 uncinato
1379 1937 1588 1978 coronata,

124 2007 172 2049 in
199 2022 243 2050 α.
274 2004 304 2046 '7
333 2005 467 2045 lineas
499 2007 649 2057 longa;
679 2005 724 2044 in
756 2002 799 2057 β.
832 2018 984 2060 parum
1013 2005 1223 2046 breviora.

238 2081 371 2123 Var.
402 2082 446 2135 β,
477 2082 576 2121 licet
599 2081 818 2121 multoties
849 2080 1003 2131 minor,
1034 2081 1208 2121 floribus
1238 2087 1380 2119 tamen
1411 2092 1496 2119 non
1525 2080 1594 2120 ni·-

124 2159 190 2202 hil
218 2157 448 2210 majoribus
478 2157 706 2209 instructa,
746 2171 872 2212 quam
901 2172 1008 2198 var.
1043 2173 1096 2208 a,
1135 2156 1273 2210 specie
1310 2169 1395 2195 non
1434 2155 1590 2211 differt,

124 2235 204 2279 sed
232 2233 532 2290 speciminibus
558 2232 824 2274 intermediis
855 2246 948 2272 cum
977 2246 1090 2273 var.
1122 2247 1164 2273 α.
1196 2231 1475 2282 conjungitur.

238 2309 294 2351 O.
330 2309 607 2362 vaginam,
640 2323 765 2364 quam
796 2309 849 2348 ob
877 2307 992 2347 floris
1022 2309 1203 2348 colorem
1234 2315 1275 2347 et
1303 2307 1441 2348 locum
1472 2316 1592 2349 nata-

124 2388 216 2430 lem
243 2385 297 2427 ad
327 2384 382 2428 O.
407 2384 776 2426 floribundam
805 2382 1087 2433 laudavimus,
1113 2385 1257 2424 forsan
1287 2384 1370 2424 huc
1399 2385 1591 2441 pertinet.

479 2493 553 2550 11)
599 2495 855 2538 Oxxmoms
886 2509 1091 2538 emunxit.
1134 2497 1236 2537 Dec.

128 2574 184 2626 Ο.
231 2575 519 2624 caulescens
563 2572 864 2622 adscendens
910 2572 1108 2632 villosa,
1151 2570 1347 2636 stipulis
1392 2570 1593 2633 petiolo..

196 2676 316 2708 rum
350 2661 457 2710 basi
493 2660 686 2710 adnatis
721 2661 1008 2708 lanceolatis
1042 2659 1284 2724 elongatis
1320 2669 1459 2707 extus
1499 2661 1591 2707 vil-

197 2747 329 2809 losis,
353 2748 535 2799 foliolis
560 2746 991 2812 ovato-oblongis,
1030 2745 1351 2796 inferioribus
1377 2745 1590 2805 deflexis,
