1648 2989
481 113 558 163 Cl.
596 114 757 163 XVII.
826 115 1142 179 Diadetphia.
1454 123 1550 174 241

189 237 470 292 synonymon
502 238 577 278 cel.
610 237 800 279 Decand.
834 235 985 290 omisi,
1016 239 1087 295 qui
1115 241 1299 297 plantam
1329 244 1547 289 Palrinia-

71 332 186 368 nam,
219 318 327 355 forte
347 315 391 354 in
414 314 604 355 Davuria
622 316 786 366 lectam,
818 328 876 356 ex
895 313 1017 355 icone
1038 316 1342 363 Delessertiana
1359 321 1428 373 (ΙΙ.
1441 332 1472 368 t.
1486 323 1545 377 9.)

69 394 121 433 ab
153 392 304 432 altaica
336 390 562 443 diversam,
594 399 693 432 ante
725 392 869 432 oculos
899 392 1101 434 habuisse
1131 394 1310 441 videtur.

181 495 218 536 E
249 494 537 552 descriptione
566 503 735 538 nostrae
765 497 934 553 plantae
966 498 1163 552 elucebit,
1198 500 1347 556 quibus
1375 503 1487 546 notis
1515 517 1542 546 a

67 574 414 615 Decandolleana
443 581 487 613 et
514 572 825 615 Delessertiana
855 572 1038 615 differat.

179 677 357 720 Radix
381 678 594 729 tuberosa,
628 678 947 721 ovato-conica
967 681 1037 721 vel
1066 680 1419 736 subcylindracea,
1447 686 1541 741 pol-

65 756 191 796 licem
220 755 381 795 circiter
410 756 560 807 longa,
590 763 712 795 extus
742 756 1139 809 fusco-nigricans,
1168 759 1284 800 intus
1315 760 1539 802 luteo-vi-

66 846 246 873 rescens.
308 829 494 872 Caulis
533 832 783 887 plerumque
820 833 1035 874 solitarius
1075 834 1230 885 (rarius
1261 834 1343 876 duo
1373 850 1429 877 ex
1458 851 1542 878 una

65 908 207 951 radice
237 907 538 964 proveniunt),
570 909 822 964 plerumque
851 908 1280 966 4—-5-pollicaris‚
1309 913 1541 965 longitudi-

65 1000 165 1027 nem
198 986 526 1041 sexpollicarem
565 999 656 1025 raro
688 986 878 1038 attingit,
919 987 1135 1028 rarissime
1173 1003 1323 1044 parum
1361 995 1544 1045 superat.

67 1062 230 1104 Folia
260 1065 470 1103 radicalia
509 1063 552 1101 in
595 1064 741 1117 planta
779 1064 1042 1103 caulescente
1078 1065 1208 1105 nulla.
1270 1066 1543 1120 Squamae

67 1140 177 1181 duae
206 1139 252 1180 in
283 1138 429 1178 infima
461 1139 588 1178 caulis
622 1146 763 1193 parte,
801 1153 927 1194 saepe
965 1139 1073 1179 infra
1104 1147 1242 1180 terrae
1272 1142 1543 1197 superficiem

66 1217 197 1269 sitae,
229 1229 285 1256 ex
316 1214 755 1256 albido-latescentes
785 1218 857 1257 vel
887 1215 1168 1268 virescentes,
1200 1223 1371 1269 ovatae,
1402 1233 1543 1260 mem-

67 1295 310 1344 branaceae‚
342 1293 461 1348 apice
491 1291 741 1332 rotundatae
771 1295 842 1334 vel
871 1293 915 1333 in
946 1306 1194 1333 mucronem
1223 1293 1400 1346 longum
1430 1302 1540 1336 atte-

66 1378 244 1422 nuatae,
287 1369 496 1420 alternae,
545 1370 707 1409 caulem
753 1370 1102 1422 subvaginantes.
1173 1369 1333 1410 Folia
1371 1375 1541 1413 caldina

66 1447 202 1491 2-3
230 1447 274 1487 in
301 1446 506 1487 inferiore
537 1445 665 1486 caulis
696 1453 813 1502 parte
843 1460 992 1502 parum
1023 1459 1151 1500 supra
1179 1459 1375 1501 squamas
1401 1448 1544 1502 petio-

68 1527 170 1575 lata,
200 1525 360 1577 glauca,
390 1521 585 1563 trisecta:
626 1527 846 1575 segmentis
874 1522 1114 1573 sessilibus,
1152 1523 1396 1578 tripartitis:
1437 1526 1543 1564 laci-

67 1608 149 1645 niis
178 1601 399 1649 obovatis‚
428 1599 742 1651 integerrimis,
776 1599 1176 1640 submucronulatis.
1235 1598 1446 1640 Petioli
1475 1602 1544 1640 fo·-

66 1680 139 1721 liis
171 1678 300 1734 duplo
329 1677 404 1718 vel
433 1677 559 1732 triplo
590 1677 819 1729 longiores,
851 1676 970 1716 basin
1001 1689 1150 1717 versus
1182 1673 1372 1728 dilatati,
1405 1677 1545 1717 colore

68 1763 112 1798 et
151 1762 355 1796 structura
396 1767 680 1809 squamarum.
754 1752 1027 1794 Racemus
1061 1751 1319 1803 terminalis,
1367 1759 1545 1805 erectus,

68 1835 294 1882 confertus,
323 1829 672 1871 4--10-fl0rus.
731 1827 987 1869 Bracteae
1017 1826 1155 1883 quoad
1184 1829 1368 1869 formam
1388 1827 1547 1880 variae,

70 1908 304 1965 ellipticae,
336 1906 675 1947 suborbiculatae
704 1906 777 1947 vel
807 1907 1041 1956 obovatae,
1071 1904 1190 1960 apice
1219 1902 1446 1944 rotundato
1476 1904 1548 1945 vel

68 1999 220 2044 parum
250 1982 474 2041 producto,
505 1982 825 2035 integerrimae,
855 1980 1271 2031 nervoso-striatas,
1303 1980 1545 2021 subcolora-

68 2073 161 2117 tae‚
204 2059 232 2102 4
263 2061 425 2103 circiter
453 2061 587 2100 lineas
617 2061 793 2111 longae,
832 2057 1062 2113 pedicellos
1100 2064 1330 2112 aequantes
1360 2058 1431 2099 vel
1471 2070 1546 2097 su-

70 2147 279 2198 perantes.
348 2137 547 2178 Flores
588 2135 840 2192 pedicellati.
910 2132 1079 2186 Calyx
1118 2132 1353 2189 disepalus:
1396 2134 1547 2187 sepelis

72 2216 255 2274 peltatis,
288 2214 542 2265 orbiculatis,
575 2212 767 2264 margine
790 2210 988 2262 dentatis,
1020 2209 1202 2262 cyaneis,
1233 2209 1436 2250 diametro
1454 2210 1545 2249 fere

72 2293 239 2334 lineari.
287 2290 548 2333 corollae
577 2291 828 2346 plerumque
858 2287 899 2340 8,
927 2286 980 2326 ad
1010 2298 1224 2328 summam
1253 2284 1321 2336 10,
1352 2284 1547 2339 pollicem

71 2367 519 2423 longae,'pendulae:
562 2369 730 2408 caleare
760 2378 928 2406 sursum
958 2349 1198 2420 spectante,
1230 2373 1391 2411 crasso,
1421 2360 1548 2401 obtu-

76 2447 260 2497 sissimo,
292 2444 410 2500 apice
440 2444 629 2495 incurvo,
660 2444 898 2498 petalorum
931 2441 1090 2481 lamina
1117 2440 1366 2494 plerumque
1394 2450 1548 2492 parum

74 2523 283 2574 longiore.
343 2521 535 2560 Petala
577 2523 791 2560 exteriora
832 2532 857 2559 e
897 2530 1108 2575 purpureo
1148 2514 1359 2564 violacea,
1398 2526 1548 2554 versus

76 2600 198 2643 basin
226 2596 477 2654 pallidiora:
510 2599 675 2637 calcare
705 2594 875 2638 sordide
904 2590 1163 2644 rubicund03
1192 2593 1390 2631 interiora
1418 2589 1548 2642 lutea,

77 2674 130 2717 ad
161 2674 347 2716 carinam
376 2679 469 2714 atro
483 2696 504 2705 -
517 2685 742 2729 purpurea.

145 2800 236 2831 Flora
257 2799 375 2831 altaica.
405 2797 464 2832 111.
1134 2779 1188 2822 16
