1648 2989
421 109 497 160 Cl.
537 110 647 158 XV.
719 105 1136 168 Tetradynamia.
1459 102 1521 146 δῖ)

109 235 330 290 racemis
366 235 573 285 demum
607 231 876 298 elongatis,
914 228 1095 294 sepalis
1128 225 1377 282 deciduis,
1414 223 1519 273 sili-

108 328 236 378 culis
270 324 563 374 orbiculatis
593 319 921 387 glaberrimis
954 317 1083 382 stylo
1111 313 1384 380 quadruplo
1416 312 1519 359 lon-

105 414 344 484 gioribus.

153 504 210 545 A.
241 501 485 542 minimum.
533 479 642 539 'Dea
676 496 831 537 Prodr.
873 494 910 536 I.
947 509 991 548 p.
1028 490 1125 532 163.
1156 510 1212 519 -
1270 488 1373 527 Dec.
1404 486 1516 540 Syst.

208 585 299 620 nat.
331 577 397 619 II.
428 592 472 631 p.
496 573 595 616 316.
627 596 685 604 —
714 571 891 626 Spreng.
924 570 1041 623 Syst.
1074 582 1168 619 veg.
1192 565 1250 605 ll.
1282 580 1325 618 p.
1348 561 1519 602 861..-

206 653 276 696 M.
310 670 338 694 a
365 654 479 694 Bieb.
510 651 574 691 Fl.
606 658 717 691 taur.
748 663 866 689 cauo.
896 647 959 687 ΙΙ.
986 661 1031 702 p.
1054 643 1152 686 105.
1181 663 1239 670 —
1269 641 1419 680 Besser
1437 637 1517 679 En.

203 734 263 788 pl.
297 730 426 772 Vollz.
456 745 499 785 p.
530 727 603 769 26.

40 812 146 854 Hah.
178 808 521 865 copiosissimum
557 804 600 844 in
641 801 799 859 campis
840 799 1083 850 sterilibus,
1122 793 1270 846 siccis,
1301 790 1518 832 subsalsis.

94 888 166 943 (L.
199 883 290 940 M.)
334 884 398 925 Fl.
431 880 589 938 Aprili,
620 878 752 931 Majo.
790 881 853 925 O.

133 964 281 1006 Planta
301 960 451 1001 altaica
472 959 523 998 ab
546 970 757 1013 europaea
776 953 1001 1011 paululum
1025 948 1166 989 differt
1184 944 1338 1002 sepalis
1357 941 1519 984 tardius

41 1040 241 1092 deciduis,
272 1053 350 1079 nec
370 1051 455 1077 non
485 1034 602 1075 foliis
631 1034 673 1073 in
703 1033 953 1072 universum
983 1026 1203 1067 latioribus
1228 1032 1271 1064 et
1291 1019 1519 1063 obtusiori-

38 1122 130 1172 bus,
155 1116 315 1159 infimis
345 1126 472 1169 saepe
503 1107 937 1159 obovato-oblongis.
987 1103 1230 1160 Specimina
1261 1096 1518 1140 intermedia

39 1205 179 1237 tamen
213 1192 381 1242 adsunt,
413 1202 521 1245 quae
550 1189 732 1226 formam
763 1185 955 1223 altaicam
982 1195 1079 1221 cum
1109 1191 1318 1232 eui-opaea
1342 1176 1520 1225 conjun-

40 1280 160 1327 gunt.
219 1269 420 1311 Ceterum
450 1266 591 1321 planta
622 1263 666 1302 in
698 1261 943 1313 regionibus
974 1257 1133 1297 altaicis
1162 1255 1299 1295 variat
1330 1251 1518 1292 caulibus

40 1363 152 1391 nunc
181 1343 459 1390 brevissimis,
490 1341 568 1381 vix
598 1341 709 1379 ultra
740 1338 938 1394 pollicem
969 1334 1078 1384 altis,
1108 1347 1219 1371 nunc
1239 1331 1374 1370 mullo
1394 1327 1518 1367 altio-

40 1428 167 1477 ribus,
199 1438 285 1464 non
316 1433 409 1461 raro
439 1418 540 1474 poll.
572 1415 710 1456 5-—6
742 1413 1053 1469 superanlibus,
1085 1425 1197 1449 nunc
1228 1407 1406 1457 diffusis,
1435 1405 1522 1445 im-

42 1518 110 1543 mo
141 1498 374 1557 prostratis,
407 1509 518 1535 nunc
550 1491 907 1534 adscendentibus
938 1489 1009 1528 vel
1039 1486 1183 1525 stricte
1213 1483 1385 1534 erectis3
1417 1482 1521 1522 sim-

41 1577 281 1637 plicissimis
312 1575 381 1615 vel
412 1571 616 1621 ramosis3
647 1569 762 1609 foliis
792 1568 867 1607 vix
897 1567 923 1607 2
942 1588 995 1594 —
1014 1562 1040 1603 3
1060 1565 1135 1605 lin.
1166 1562 1304 1613 longis
1333 1560 1404 1599 vel
1434 1560 1522 1599 fere

41 1655 331 1714 pollicaribus;
365 1649 542 1691 racemis
573 1648 618 1687 in
651 1644 952 1700 speciminibus
979 1638 1280 1682 humilioribus
1301 1636 1522 1676 abbrevia-

43 1735 110 1782 tis,
142 1734 187 1773 in
218 1729 464 1771 elatioribus
496 1723 724 1775 elongatis,
756 1721 984 1760 fructiferis
1015 1719 1119 1774 poll.
1152 1729 1280 1771 saepe
1309 1722 1394 1753 tres
1423 1714 1522 1752 lon-

42 1811 121 1863 gis.
152 1833 206 1840 —
242 1807 301 1849 Α.
330 1805 604 1845 minutum
635 1800 871 1840 Schlechtd.
906 1795 1013 1835 mihi
1055 1791 1326 1835 solummodo
1357 1804 1414 1830 ex
1446 1789 1522 1830 de-

41 1886 267 1942 scriptione
299 1881 584 1924 Canclolleana
613 1884 787 1926 notum,
831 1875 882 1913 ab
917 1872 974 1913 A.
1006 1871 1233 1912 minimo
1272 1867 1522 1925 praesertim

43 1965 153 2021 pube
183 1972 351 2002 ramosa
381 1958 578 2009 elongata
610 1953 780 1994 differre
810 1951 992 1992 videtur.

125 2057 186 2119 II.⁸
242 2075 468 2130 Species
495 2080 762 2126 perennes
791 2067 870 2107 vel
899 2060 1433 2116 basifruticulosae.

397 2156 632 2197 Filumenta
663 2156 806 2194 omnia
836 2152 1174 2205 appendiculam.

295 2243 345 2294 2)
390 2244 605 2296 Amrssmu
636 2251 876 2279 ALTAlcUM.
929 2235 977 2277 G.
1006 2236 1070 2277 A.
1101 2233 1268 2287 Meyer.

47 2334 110 2384 A.
135 2331 262 2396 pube
282 2330 477 2378 stellata
511 2326 723 2392 pilisque
754 2322 1074 2387 simplicibus
1110 2321 1373 2374 incanum,
1409 2328 1526 2370 cau-

114 2419 246 2469 libus
282 2417 500 2474 diffusis,
545 2414 683 2463 foliis
717 2410 1031 2475 (plerisque)
1070 2401 1525 2471 oblongo-lineari·-

115 2509 208 2557 bus
253 2503 605 2563 acutiusculis,
649 2499 872 2549 racemis
920 2497 1125 2546 tandem
1173 2489 1525 2554 subelongatis‚

118 2593 301 2660 sepalis
346 2592 578 2650 caducis,
633 2588 849 2638 siliculis
894 2578 1530 2634 obovato-suborbiculatis

123 2684 252 2750 pube
288 2682 484 2730 stellata
513 2677 796 2728 subscabris
831 2677 960 2740 stylo
1001 2674 1145 2738 duplo
1181 2667 1505 2732 longioribus.

173 2769 230 2812 A.
265 2770 482 2813 altaicum.
525 2769 679 2810 Ledeb.
701 2767 757 2809 Ic.
788 2767 845 2821 pl.
866 2763 927 2805 Fl.
960 2777 1067 2805 ross.
1101 2763 1174 2802 alt.
1204 2761 1351 2798 illustr.
1385 2763 1414 2795 t.
1438 2754 1536 2795 255.
