1648 2989
437 73 513 125 Cl.
549 77 659 127 XV.
730 76 1144 142 Tetradynamia.
1460 81 1525 128 79

61 199 311 242 Stamina
351 199 667 254 tetradynama,
706 200 972 253 longitudine
1009 201 1156 243 ovarii.
1214 200 1525 243 Filamenta

58 279 147 318 basi
177 278 362 318 dilatata.
423 278 702 318 Antherae
744 279 1045 329 ochi-oleucae,
1079 278 1524 320 cordato-subrotun-

58 354 152 396 dae.
228 352 543 395 Glandulae
596 357 930 411 hypogynae
977 356 1193 397 valvariae
1241 358 1440 411 utrinque
1479 357 1522 400 2.

57 430 321 472 Ovarium
352 432 601 486 ellipticum,
632 434 945 484 glaberritnum.
1006 432 1200 486 Stylus
1233 433 1521 482 brevissimus,

53 510 132 549 ‘vix
160 509 187 563 ἦ
214 509 288 549 lin.
319 509 486 560 longus,
520 522 697 551 crassus.
759 511 974 562 Stigma
1004 510 1204 564 simplex.
1253 509 1524 552 Siliculae

52 593 255 641 quantum
285 598 309 623 e
339 584 519 625 residuis
561 587 765 627 emortuis
807 588 907 627 anni
946 586 1160 643 praeteriti
1192 586 1439 628 concludere
1470 589 1526 629 li-

52 665 151 714 cuit,
181 662 413 717 elliplicae,
443 660 470 701 3
501 662 577 702 lin.
609 662 770 703 circiter
800 665 975 715 longae,
1010 662 1073 715 1}
1103 663 1180 703 lin.
1213 663 1340 704 latae.
1399 663 1525 705 Pla-

8 731 11 734 *
52 747 236 781 centae
276 746 319 779 et
356 737 594 778 funiculi
624 737 679 780 D.
712 738 1068 795 dasycarpae.
1130 739 1524 795 Dissepimen-

49 827 159 858 ium
189 817 466 872 completum,
499 815 736 866 hyalinum,
770 825 816 855 ut
846 816 1014 857 videtur
1047 831 1229 868 enerve,
1259 819 1411 858 areolis
1440 819 1524 857 mi-

48 896 163 936 nutis
185 890 455 935 subrotundis
476 898 712 933 exaratum.
755 891 1019 934 Valvulas
1051 902 1094 933 et
1115 894 1277 933 semina
1299 909 1387 935 non
1410 895 1515 937 vidi,

316 976 362 1029 ’7)
405 975 565 1016 DRABA
596 989 865 1020 DASYCARPA.
917 979 961 1022 C.
994 978 1056 1021 A.
1088 980 1252 1034 DIeyer.

50 1066 111 1114 D.
148 1064 378 1112 caulibus
415 1062 545 1123 (sub)
579 1063 981 1127 simplicissimis
1011 1053 1200 1114 foliosis
1234 1082 1351 1114 cum
1388 1065 1524 1114 foliis

115 1151 339 1215 oblongis
390 1151 549 1198 acutis
594 1150 808 1200 dentatis
853 1153 978 1216 pube
1027 1171 1255 1212 ramosa,
1311 1154 1522 1217 pilisque

113 1239 428 1304 simplicibus
474 1238 708 1299 obtectis,
756 1242 932 1303 petalis
978 1242 1154 1306 calyce
1198 1242 1330 1289 hirto
1377 1242 1522 1305 duplo

112 1327 438 1393 longioribus,
474 1326 687 1374 siliculis
723 1329 1099 1393 lato-ellipticis
1137 1330 1261 1392 pube
1296 1329 1522 1393 simplici

113 1416 252 1464 canis
289 1415 526 1478 pedicello
557 1414 855 1477 pubescente
888 1417 1214 1481 longioribus,
1251 1419 1380 1482 stylo
1412 1419 1520 1466 bre-

110 1503 337 1553 vissimo.

159 1590 215 1631 D.
263 1589 505 1646 dasycarpa.
575 1591 734 1634 Ledeb.
774 1592 834 1633 Ic.
878 1595 939 1646 pl.
982 1592 1042 1633 Fl.
1093 1607 1198 1635 ross.
1248 1596 1322 1634 alt.
1371 1596 1518 1634 illustr.

211 1675 244 1709 t.
276 1665 374 1708 264.

53 1762 60 1776 τ
101 1760 142 1787 α.
189 1746 456 1798 alpicola:
496 1745 613 1785 caule
641 1745 826 1785 firmiore
857 1744 1142 1802 (plerumque)
1173 1746 1418 1798 humiliore,
1450 1748 1518 1787 so-

183 1821 251 1860 liis
281 1821 516 1861 minoribus
548 1823 842 1862 subcoriaceis.

97 1898 143 1950 β.
189 1899 503 1951 subalpina:
544 1900 660 1938 caule
694 1898 984 1954 (plerumque)
1016 1898 1206 1952 elatiore,
1237 1900 1352 1940 soliis
1383 1903 1519 1952 majo-

186 1974 301 2014 ribus
331 1976 676 2016 membranaceis.

43 2049 152 2091 Hah.
185 2063 276 2092 var.
307 2066 350 2092 α.
381 2051 423 2090 in
455 2064 622 2092 summa
653 2053 747 2107 alpe
777 2049 830 2091 ad
861 2052 1023 2091 fontem
1053 2051 1098 2094 ss.
1120 2046 1385 2104 Tscharyseh
1410 2050 1517 2106 (L.),

99 2139 189 2168 var.
218 2127 265 2182 β.
296 2127 343 2167 in
374 2128 479 2168 locis
512 2129 720 2170 umbrosis
751 2128 986 2183 subalpinis
1017 2127 1068 2168 ad
1098 2128 1142 2170 ss.
1175 2127 1441 2183 Tscharyseh
1473 2137 1516 2170 et

99 2191 307 2262 Senrelek
339 2201 433 2258 (L.)
466 2228 521 2236 —
568 2206 628 2248 ΕΙ.
659 2205 794 2258 Majo,
836 2203 987 2259 Juui03
1029 2207 1189 2247 fructus
1220 2213 1406 2247 maturat
1436 2208 1514 2248 sub

97 2280 229 2319 finem
258 2279 373 2322 Julii.
436 2286 502 2328 22..

155 2356 359 2397 Proxime
391 2357 551 2400 accedit
588 2358 689 2399 hinc
727 2357 781 2398 ad
815 2356 869 2399 D.
900 2358 1100 2399 hirtam
1130 2358 1280 2410 Lina„
1311 2357 1432 2399 illinc
1460 2357 1513 2400 ad

43 2429 102 2474 D.
120 2433 398 2475 confusam
426 2434 558 2478 Ehrh.
605 2434 672 2475 Ab
702 2435 774 2475 illa
806 2434 947 2475 differt
976 2435 1097 2475 caule
1125 2436 1361 2485 foliosiore,
1393 2435 1514 2491 apice

41 2521 125 2560 uqa
156 2523 252 2549 cum
281 2509 499 2565 pedicellis
526 2512 632 2554 villo
662 2511 783 2552 molli
813 2513 1002 2563 obtecto,
1043 2511 1159 2553 foliis
1189 2511 1371 2552 crebrius
1403 2511 1513 2552 den-

41 2585 164 2637 tatis,
201 2585 377 2628 siliculis
409 2601 578 2645 semper
607 2590 948 2645 pubescentibus.
1009 2589 1078 2630 Ab
1110 2588 1190 2628 hac
1220 2586 1346 2628 distat
1373 2587 1513 2630 radice

41 2675 208 2718 semper
236 2664 438 2719 perenni,
477 2680 554 2706 nec
583 2679 710 2721 saepe
746 2665 824 2707 bi-
852 2666 924 2707 vel
953 2664 1137 2717 trienni;
1178 2663 1366 2705 caulibus
1404 2665 1512 2706 sim-

20 2738 294 2793 ·plicissimis,
325 2741 441 2784 soliis
470 2743 582 2798 pube
610 2756 792 2796 ramosa,
824 2742 980 2785 scabris
1012 2742 1081 2784 vel
1111 2740 1309 2796 utrinque
1337 2743 1507 2793 subgla-
