1648 2989
439 124 516 175 ci.
552 126 710 176 xvn.
780 126 1096 192 Diadelphia.
1409 131 1502 181 301

41 249 217 292 floribus
249 248 412 291 cernuis
442 264 520 290 nec
548 249 798 299 suberectis,
830 250 1007 292 bracteis
1038 252 1369 306 angustioribus,
1402 252 1507 295 den-

41 327 156 368 tibus
187 327 385 380 calycinis
416 325 702 379 brevioribus,
739 325 905 366 vexillo
935 334 1077 368 retuso
1117 344 1194 370 nec
1233 331 1506 383 emarginato‚

41 403 121 444 alis
149 417 253 445 vero
283 402 556 455 emarginatis
596 417 672 443 nec
708 402 881 454 integris
912 409 952 441 et
982 406 1199 458 superficie
1226 408 1355 448 totius
1384 409 1507 462 plan-

39 486 109 521 tae
137 480 631 534 subincano-puberula‚
662 492 768 534 quae
798 479 940 532 glabra
969 487 1034 519 est
1062 480 1106 520 in
1135 479 1190 522 A.
1222 484 1449 525 sulcato.

151 556 222 596 Ab
253 557 308 597 A.
332 554 573 597 vicioidi
603 554 762 596 recedit
791 563 958 609 praeter
988 555 1251 610 superficiem
1276 565 1317 598 et
1345 560 1505 599 caulem

39 630 90 672 ad
122 633 286 689 apicem
317 646 449 687 usque
479 639 682 672 teretem:
726 631 842 671 soliis
872 632 1198 684 angustioribus,
1224 633 1397 674 floribus
1426 635 1507 675 mi-

41 710 235 762 noribus,
272 709 432 750 vexillo
463 715 633 759 retuso,
674 707 750 747 alis
779 721 884 748 vero
913 708 1183 760 emarginatis
1215 722 1360 750 versus
1388 711 1506 751 basin

39 784 352 840 angu'stioribus
382 798 460 826 nec
490 783 692 824 dilatatis.
750 780 861 824 Alae
889 784 935 826 in
967 791 1145 840 utraque
1173 785 1314 840 specie
1344 786 1508 827 carinae

40 870 155 906 arcte
182 861 432 904 adhaerent.

393 972 442 1026 9)
486 971 783 1014 AsrnAeALus
818 986 1055 1015 vxcmmns.
1097 987 1155 1014 m.

37 1065 102 1115 A.
144 1063 288 1113 caule
331 1071 495 1111 erecto
543 1060 714 1127 glabro
761 1076 973 1124 superne
1015 1059 1322 1119 subsulcat0,
1376 1058 1512 1108 foliis

105 1150 380 1217 petiolatis,
427 1149 613 1198 foliolis
659 1148 883 1214 oblongis
927 1147 1114 1196 obtusis
1157 1146 1510 1211 sub-S-jugis,

105 1238 311 1287 floribus
352 1236 628 1286 racemosis
659 1236 888 1296 cernuis,
922 1234 1214 1300 pedunculis
1242 1232 1361 1281 folio
1399 1232 1512 1282 sub·

106 1327 254 1391 duplo
297 1325 635 1392 longioribus,
689 1323 905 1372 bracteis
948 1320 1265 1377 lanceolatis,
1318 1320 1512 1385 calycis

104 1414 334 1464 dentibus
377 1414 495 1461 tubo
543 1412 687 1476 duplo
733 1410 1072 1469 brevioribus,
1117 1408 1301 1457 vexillo
1346 1424 1509 1455 emar-

107 1503 305 1568 ginato,
347 1502 440 1551 alis
472 1500 710 1565 integris,
752 1497 1095 1563 leguminibus
1130 1494 1310 1544 erectis
1345 1503 1508 1542 ovato-

105 1590 365 1654 triquetris
410 1587 654 1639 coriaceis
700 1584 1079 1635 bilocularibus:
1134 1582 1310 1631 loculis
1359 1581 1510 1646 oligo-

105 1678 334 1744 spermis.

151 1767 206 1807 A.
250 1763 471 1806 vicioides.
539 1764 696 1806 Ledeb.
739 1763 855 1803 loon.
893 1763 956 1814 pl.
998 1759 1060 1799 Fl.
1096 1769 1200 1798 ross.
1244 1758 1318 1795 alt.
1358 1756 1507 1795 illustr.

207 1852 236 1885 t.
267 1842 364 1884 286.

36 1922 147 1965 Hab.
175 1920 221 1962 in
250 1918 519 1976 pratensibus
548 1915 602 1958 ad
631 1924 855 1970 utramque
884 1913 1018 1968 ripam
1047 1910 1090 1950 ss.
1111 1907 1275 1962 Irtysch
1305 1905 1508 1955 extensis,

89 2014 134 2041 v.
166 2013 227 2052 gr.
259 1997 366 2038 circa
393 2001 562 2036 montes
580 1992 877 2045 Tschingistau
908 1988 1060 2029 deserti
1090 1980 1509 2037 soongoro-kirghi-

92 2075 169 2118 sici
189 2072 322 2129 (Μ.),
352 2085 486 2130 prope
516 2069 708 2111 fodinam
728 2068 974 2118 Nikolajew
1004 2062 1059 2105 ad
1086 2062 1268 2104 radicem
1296 2059 1508 2100 montium

93 2153 340 2194 altaicorum
370 2157 448 2190 etc.
508 2148 572 2190 Fl.
603 2154 775 2188 aestate.
841 2148 904 2190 21..

61 2280 65 2283 .
148 2226 422 2270 Praecedenti
444 2225 633 2266 maxime
663 2222 816 2274 affinis,
847 2218 922 2262 sed
951 2217 1075 2269 notis,
1107 2229 1210 2272 quas
1239 2224 1364 2267 supra
1387 2206 1504 2249 indi-

38 2293 242 2356 cavimus,
273 2303 467 2345 diversus
492 2300 674 2343 videtur.

153 2383 224 2424 Ab
253 2380 312 2423 A.
344 2380 585 2431 sulcato,
618 2378 684 2418 cui
713 2376 846 2418 etiam
874 2372 998 2417 valde
1028 2368 1177 2418 affinis,
1207 2369 1370 2420 praeter
1398 2359 1501 2400 alias

38 2467 162 2503 notas
197 2456 403 2498 indicatas
440 2468 527 2497 non
565 2455 706 2495 minus
745 2450 1032 2505 leguminibus
1069 2444 1209 2485 differt
1245 2438 1373 2494 duplo
1412 2436 1502 2475 fere

36 2535 299 2580 brevioribus
330 2531 713 2586 ovato-triquetris
743 2527 965 2577 coriaceis,
1009 2535 1084 2563 nec
1123 2510 1502 2571 cylindraceo-tri-

36 2613 198 2671 quetris
227 2611 298 2653 vel
325 2609 465 2665 potius
492 2606 746 2663 prismaticis
775 2597 1107 2646 membranaceis
1135 2591 1330 2647 foliisque
1359 2587 1502 2629 mino-

36 2692 176 2733 ribus:
218 2686 376 2730 foliolis
405 2683 667 2727 brevioribus
695 2680 984 2740 paucioribus,
1014 2684 1098 2729 qua
1127 2675 1228 2711 nota
1255 2665 1396 2724 primo
1423 2661 1502 2705 ad-

36 2775 183 2825 spectu
213 2764 484 2819 dignoscitur.
