1648 2989
433 86 508 136 Cl.
545 89 654 138 XV.
728 91 1138 156 Tetradynamia.
1457 96 1520 144 93

337 230 384 286 1)
425 231 622 274 ΤιηΑεΡι
650 231 1012 276 CERATocARPon.
1061 237 1207 280 Murr.

44 329 135 379 Th.
170 329 313 378 caule
349 339 514 379 erecto
550 330 869 390 subram050,
908 334 1084 396 petalis
1120 334 1517 384 lineari-cunei-

110 416 362 466 formibus
392 419 570 482 calyce
608 419 752 481 paulo
790 419 1117 485 longioribus,
1152 423 1368 473 siliculis
1398 442 1516 474 ova-

107 504 173 553 tis
208 503 499 554 bicornibus
533 504 839 570 4-spermis.

151 601 236 642 Th.
273 609 587 659 ceratocarpon.
662 602 807 644 Murr.
859 607 903 645 in
942 605 1056 647 Nov.
1113 614 1328 647 comment.
1380 606 1515 648 Goett.

211 678 332 719 Tom.
368 680 428 721 V.
467 696 514 736 p.
544 678 615 720 26.
646 687 676 720 t.
709 677 751 721 1.
784 679 1037 737 (mechom).
1068 705 1125 713 —
1162 684 1263 725 Dec.
1295 683 1449 725 Prodr.
1480 684 1515 726 Ι.

202 771 249 810 p.
283 754 382 798 175.
414 777 470 785 --
527 757 630 796 Dec.
663 756 777 809 Syst.
808 765 896 799 nat.
924 758 982 799 II.
1008 774 1056 813 p.
1089 757 1191 802 374.
1221 780 1278 789 —-
1336 761 1516 816 Spreng.

207 834 319 885 Syst.
353 847 443 885 veg.
474 833 534 874 ΙΙ.
564 850 609 888 p.
638 830 738 874 878.

149 917 385 975 Lepidium
416 916 740 976 Ceratocarpou.
798 918 909 960 Pan.
950 923 999 961 it.
1037 918 1102 963 ΙΙ.
1141 936 1184 977 p.
1215 919 1302 963 495
1339 930 1377 963 et
1413 919 1513 965 740.

202 995 327 1052 App.
356 997 439 1038 No.
475 995 572 1039 112.
602 1004 631 1039 t.
670 997 724 1038 U.
755 995 997 1052 (mediocr.)

35 1091 145 1135 Hab.
178 1093 359 1133 minime
397 1106 492 1132 raro
531 1092 575 1133 in
611 1092 743 1149 pratis
786 1091 841 1133 ad
881 1093 1045 1144 lacum,
1086 1093 1160 1149 qui
1199 1093 1515 1137 Noor-Saisan

91 1177 268 1211 vocatur
302 1176 346 1210 et
379 1168 432 1209 ad
469 1169 514 1210 fl.
546 1168 739 1223 Irtysch,
780 1176 896 1211 trans
926 1170 969 1210 fl.
998 1169 1270 1211 Kurtschum
1301 1173 1512 1214 orientem

91 1259 240 1289 versus
271 1244 397 1300 (M),
431 1261 506 1286 nec
538 1261 624 1288 non
654 1246 864 1287 similibus
894 1246 1000 1288 locis
1030 1246 1143 1288 inter
1173 1248 1512 1304 Semipalatiusk

90 1331 133 1365 et
164 1322 402 1375 Semijarsk
432 1321 598 1378 (Pam).
628 1345 686 1353 —-
716 1322 780 1364 Fl.
815 1322 944 1363 initio
974 1322 1094 1375 Maji.
1145 1328 1208 1372 Θ.

149 1418 342 1460 caulis
374 1419 715 1474 simplicissimus
746 1420 817 1460 vel
848 1419 964 1477 apice
994 1434 1207 1473 ramosus,
1240 1418 1302 1472 1}
1333 1419 1508 1477 pedalis,

32 1495 208 1553 pedalis,
238 1495 455 1537 interdum
484 1497 620 1537 multo
650 1495 864 1549 humilior,
895 1497 972 1538 vix
1002 1496 1031 1537 4
1061 1498 1286 1553 polliceris.
1346 1498 1509 1539 Folia

32 1575 77 1614 in
106 1573 408 1629 speciminibus
448 1574 736 1626 vegetioribus
777 1571 960 1625 1{—2
989 1575 1092 1629 poll.
1125 1575 1278 1628 longa,
1320 1576 1509 1628 margine

35 1650 234 1692 distincte
265 1649 435 1691 dentata
466 1658 508 1691 et
538 1651 630 1692 basi
659 1651 702 1691 in
732 1651 941 1691 auriculas
972 1651 1190 1703 elongatas
1218 1652 1506 1693 lineari-lan-

33 1728 213 1769 ceolatas
242 1727 503 1769 acuminatas
533 1727 762 1785 producta3
801 1729 847 1768 in
878 1728 1180 1784 speciminibus
1211 1729 1507 1771 humilioribus

30 1818 134 1846 vero
164 1804 240 1846 lin.
269 1801 408 1844 3—-4
442 1806 594 1858 longa,
622 1806 781 1846 lineam
812 1806 919 1857 lata,
950 1804 1238 1858 integerrima,
1273 1807 1363 1848 basi
1393 1808 1506 1849 haud

24 1881 260 1922 ›auriculata
291 1881 362 1922 vel
391 1883 589 1923 auriculis
628 1883 820 1923 minimis
851 1882 1052 1922 obsoletis
1082 1881 1273 1925 adaucta.
1330 1882 1405 1925 Ra
1420 1899 1507 1926 ce-

29 1972 148 1999 mus
185 1957 466 2010 multiflorusr,
504 1959 696 1999 fructifer
725 1958 974 2014 saepissime
1008 1959 1252 2014 elongatus3
1292 1960 1337 2001 in
1368 1962 1505 2017 speci-

29 2035 215 2075 minibus
251 2034 554 2076 humilioribus
592 2034 886 2087 abbreviatus,
931 2035 1314 2091 subcorymbosus,
1353 2039 1501 2094 pauci-

28 2110 173 2151 florus.
232 2109 428 2155 Patala
460 2112 600 2165 calyce
630 2111 689 2164 12}
721 2112 937 2164 longiora,
969 2120 1174 2164 angusta,
1206 2122 1358 2167 erecta,
1390 2116 1502 2156 inte-

28 2188 209 2239 gerrima
239 2188 308 2228 vel
337 2195 492 2231 retusa.
555 2187 875 2230 Glandulae
913 2203 1070 2245 parvae
1111 2191 1291 2242 generis.
1350 2191 1503 2232 Fila-

28 2271 210 2304 menta
251 2271 430 2308 setacea.
488 2266 634 2307 Anth
652 2280 778 2306 erae
819 2280 997 2322 parvae,
1029 2268 1259 2324 ellipticae,
1290 2268 1379 2309 basi
1410 2282 1502 2309 cor-

27 2338 172 2392 datae,
203 2341 492 2383 ochroleucae.
551 2343 744 2395 Stylus
776 2343 1075 2397 brevissimus,
1106 2345 1306 2397 stigmate
1335 2345 1501 2400 puncti-

27 2417 155 2458 sormi
192 2417 463 2460 terminatus.
525 2417 741 2460 structura
772 2421 932 2460 fructus
975 2427 1121 2461 exacte
1157 2420 1338 2473 generis.
1400 2421 1501 2463 Se-

27 2494 173 2533 mina
201 2492 248 2533 in
277 2508 447 2549 quoque
474 2496 614 2537 loculo
637 2509 808 2552 semper
830 2494 930 2548 duo,
961 2498 1137 2552 alterna,
1168 2498 1371 2539 arcuatim
1400 2499 1498 2538 lon-

27 2569 314 2622 gitudiualiter
343 2571 704 2615 sulcato-striata.
766 2571 1142 2628 cotyledones
1172 2581 1217 2616 et
1242 2573 1495 2616 radicula

27 2659 101 2702 pro
130 2660 251 2691 more
278 2647 463 2704 generis,
