<?xml version="1.0" encoding="UTF-8"?>
<!DOCTYPE html PUBLIC "-//W3C//DTD XHTML 1.0 Transitional//EN"
    "http://www.w3.org/TR/xhtml1/DTD/xhtml1-transitional.dtd">
<html xmlns="http://www.w3.org/1999/xhtml" xml:lang="en" lang="en">
 <head>
  <title>
</title>
<meta http-equiv="Content-Type" content="text/html;charset=utf-8" />
  <meta name='ocr-system' content='tesseract 3.04.00' />
  <meta name='ocr-capabilities' content='ocr_page ocr_carea ocr_par ocr_line ocrx_word'/>
</head>
<body>
  <div class='ocr_page' id='page_1' title='image "./floraaltaica03lede_0312.png"; bbox 0 0 1648 2989; ppageno 0'>
   <div class='ocr_carea' id='block_1_1' title="bbox 126 132 1190 199">
    <p class='ocr_par' dir='ltr' id='par_1_1' title="bbox 126 132 1190 199">
     <span class='ocr_line' id='line_1_1' title="bbox 126 132 1190 199; baseline -0.006 -12"><span class='ocrx_word' id='word_1_1' title='bbox 126 139 227 187; x_wconf 81' lang='grc'>300</span> <span class='ocrx_word' id='word_1_2' title='bbox 532 132 609 182; x_wconf 82' lang='lat' dir='ltr'>Cl.</span> <span class='ocrx_word' id='word_1_3' title='bbox 647 134 804 184; x_wconf 85' lang='lat' dir='ltr'>Xvn.</span> <span class='ocrx_word' id='word_1_4' title='bbox 877 134 1190 199; x_wconf 80' lang='lat' dir='ltr'>Diadelphia.</span> 
     </span>
    </p>
   </div>
   <div class='ocr_carea' id='block_1_2' title="bbox 104 258 1602 2522">
    <p class='ocr_par' dir='ltr' id='par_1_2' title="bbox 128 258 1595 532">
     <span class='ocr_line' id='line_1_2' title="bbox 237 258 1595 315; baseline 0.001 -14"><span class='ocrx_word' id='word_1_5' title='bbox 237 258 294 302; x_wconf 85' lang='lat' dir='ltr'>A.</span> <span class='ocrx_word' id='word_1_6' title='bbox 331 258 572 315; x_wconf 84' lang='lat' dir='ltr'>puberulns.</span> <span class='ocrx_word' id='word_1_7' title='bbox 632 259 785 299; x_wconf 81' lang='lat' dir='ltr'>Ledeb.</span> <span class='ocrx_word' id='word_1_8' title='bbox 826 258 939 299; x_wconf 80' lang='lat' dir='ltr'>leon.</span> <span class='ocrx_word' id='word_1_9' title='bbox 982 262 1040 313; x_wconf 81' lang='lat' dir='ltr'>pl.</span> <span class='ocrx_word' id='word_1_10' title='bbox 1084 259 1146 301; x_wconf 89' lang='lat' dir='ltr'>Fl.</span> <span class='ocrx_word' id='word_1_11' title='bbox 1186 274 1291 301; x_wconf 81' lang='lat' dir='ltr'>ross.</span> <span class='ocrx_word' id='word_1_12' title='bbox 1330 263 1405 302; x_wconf 77' lang='lat' dir='ltr'>ull.</span> <span class='ocrx_word' id='word_1_13' title='bbox 1444 261 1595 302; x_wconf 79' lang='lat' dir='ltr'><strong><em>illustr.</em></strong></span> 
     </span>
     <span class='ocr_line' id='line_1_3' title="bbox 293 333 455 376; baseline -0.012 -1"><span class='ocrx_word' id='word_1_14' title='bbox 293 343 323 376; x_wconf 81' lang='lat' dir='ltr'>t.</span> <span class='ocrx_word' id='word_1_15' title='bbox 355 333 455 376; x_wconf 80' lang='lat'>291.</span> 
     </span>
     <span class='ocr_line' id='line_1_4' title="bbox 128 407 1595 464; baseline -0.001 -13"><span class='ocrx_word' id='word_1_16' title='bbox 128 412 238 453; x_wconf 86' lang='lat' dir='ltr'>Hab.</span> <span class='ocrx_word' id='word_1_17' title='bbox 281 412 324 452; x_wconf 93' lang='lat' dir='ltr'>in</span> <span class='ocrx_word' id='word_1_18' title='bbox 367 411 544 451; x_wconf 86' lang='lat' dir='ltr'>collibus</span> <span class='ocrx_word' id='word_1_19' title='bbox 583 407 636 450; x_wconf 72' lang='lat' dir='ltr'>ad</span> <span class='ocrx_word' id='word_1_20' title='bbox 674 409 719 452; x_wconf 89' lang='lat' dir='ltr'>fl.</span> <span class='ocrx_word' id='word_1_21' title='bbox 752 408 880 452; x_wconf 83' lang='lat' dir='ltr'>Ursul</span> <span class='ocrx_word' id='word_1_22' title='bbox 917 417 959 451; x_wconf 82' lang='lat' dir='ltr'>et</span> <span class='ocrx_word' id='word_1_23' title='bbox 988 408 1171 463; x_wconf 77' lang='lat' dir='ltr'>Tschuja</span> <span class='ocrx_word' id='word_1_24' title='bbox 1212 410 1323 464; x_wconf 85' lang='lat' dir='ltr'><strong>(B.).</strong></span> <span class='ocrx_word' id='word_1_25' title='bbox 1382 410 1448 454; x_wconf 75' lang='grc' dir='ltr'>ΕΙ.</span> <span class='ocrx_word' id='word_1_26' title='bbox 1477 409 1595 463; x_wconf 65' lang='grc' dir='ltr'>Μθῇ.,</span> 
     </span>
     <span class='ocr_line' id='line_1_5' title="bbox 183 488 406 532; baseline -0.013 -3"><span class='ocrx_word' id='word_1_27' title='bbox 183 488 282 531; x_wconf 86' lang='lat' dir='ltr'>Jun.</span> <span class='ocrx_word' id='word_1_28' title='bbox 342 491 406 532; x_wconf 56' lang='grc' dir='ltr'>Ζι-</span> 
     </span>
    </p>

    <p class='ocr_par' dir='ltr' id='par_1_3' title="bbox 104 560 1602 2454">
     <span class='ocr_line' id='line_1_6' title="bbox 239 560 1598 620; baseline -0.001 -16"><span class='ocrx_word' id='word_1_29' title='bbox 239 561 418 605; x_wconf 82' lang='lat' dir='ltr'>Radix</span> <span class='ocrx_word' id='word_1_30' title='bbox 446 560 626 614; x_wconf 80' lang='lat' dir='ltr'>lignosa,</span> <span class='ocrx_word' id='word_1_31' title='bbox 660 560 812 601; x_wconf 80' lang='lat' dir='ltr'>cortice</span> <span class='ocrx_word' id='word_1_32' title='bbox 841 560 996 604; x_wconf 86' lang='lat' dir='ltr'>fibroso</span> <span class='ocrx_word' id='word_1_33' title='bbox 1028 561 1222 615; x_wconf 85' lang='lat' dir='ltr'>obducta,</span> <span class='ocrx_word' id='word_1_34' title='bbox 1253 563 1281 618; x_wconf 55' lang='grc' dir='ltr'><strong><em>ἦ</em></strong></span> <span class='ocrx_word' id='word_1_35' title='bbox 1300 562 1405 620; x_wconf 88' lang='lat' dir='ltr'>poll.</span> <span class='ocrx_word' id='word_1_36' title='bbox 1432 562 1479 604; x_wconf 88' lang='lat' dir='ltr'>in</span> <span class='ocrx_word' id='word_1_37' title='bbox 1508 561 1598 603; x_wconf 82' lang='lat' dir='ltr'>dia-</span> 
     </span>
     <span class='ocr_line' id='line_1_7' title="bbox 127 637 1596 694; baseline -0.001 -13"><span class='ocrx_word' id='word_1_38' title='bbox 127 647 263 681; x_wconf 76' lang='lat' dir='ltr'>metro</span> <span class='ocrx_word' id='word_1_39' title='bbox 310 646 488 688; x_wconf 84' lang='lat' dir='ltr'>tenens,</span> <span class='ocrx_word' id='word_1_40' title='bbox 546 637 953 693; x_wconf 79' lang='lat' dir='ltr'>perpendiculariter</span> <span class='ocrx_word' id='word_1_41' title='bbox 1010 638 1296 691; x_wconf 83' lang='lat' dir='ltr'>descendens,</span> <span class='ocrx_word' id='word_1_42' title='bbox 1355 639 1596 694; x_wconf 73' lang='lat' dir='ltr'><strong>multiceps,</strong></span> 
     </span>
     <span class='ocr_line' id='line_1_8' title="bbox 127 714 1601 771; baseline -0.002 -14"><span class='ocrx_word' id='word_1_43' title='bbox 127 718 310 758; x_wconf 78' lang='lat' dir='ltr'>Herba</span> <span class='ocrx_word' id='word_1_44' title='bbox 340 715 831 769; x_wconf 82' lang='lat' dir='ltr'>subincano-puberula.</span> <span class='ocrx_word' id='word_1_45' title='bbox 894 714 1092 756; x_wconf 84' lang='lat' dir='ltr'>Caules</span> <span class='ocrx_word' id='word_1_46' title='bbox 1122 717 1287 771; x_wconf 80' lang='lat' dir='ltr'>plures,</span> <span class='ocrx_word' id='word_1_47' title='bbox 1317 715 1464 764; x_wconf 78' lang='lat' dir='ltr'>erecti,</span> <span class='ocrx_word' id='word_1_48' title='bbox 1500 716 1601 756; x_wconf 77' lang='lat' dir='ltr'>sub-</span> 
     </span>
     <span class='ocr_line' id='line_1_9' title="bbox 127 789 1598 849; baseline -0.001 -16"><span class='ocrx_word' id='word_1_49' title='bbox 127 792 313 849; x_wconf 83' lang='lat' dir='ltr'>pedales,</span> <span class='ocrx_word' id='word_1_50' title='bbox 343 798 514 842; x_wconf 83' lang='lat' dir='ltr'>teretes,</span> <span class='ocrx_word' id='word_1_51' title='bbox 544 789 707 846; x_wconf 77' lang='lat' dir='ltr'><strong>apicem</strong></span> <span class='ocrx_word' id='word_1_52' title='bbox 737 804 883 831; x_wconf 83' lang='lat' dir='ltr'>versus</span> <span class='ocrx_word' id='word_1_53' title='bbox 914 792 992 832; x_wconf 83' lang='lat' dir='ltr'>sub</span> <span class='ocrx_word' id='word_1_54' title='bbox 1022 792 1174 847; x_wconf 82' lang='lat' dir='ltr'>quovis</span> <span class='ocrx_word' id='word_1_55' title='bbox 1202 792 1307 833; x_wconf 87' lang='lat' dir='ltr'>solio</span> <span class='ocrx_word' id='word_1_56' title='bbox 1327 791 1440 832; x_wconf 86' lang='lat' dir='ltr'>striis</span> <span class='ocrx_word' id='word_1_57' title='bbox 1462 791 1598 832; x_wconf 82' lang='lat' dir='ltr'>tribus</span> 
     </span>
     <span class='ocr_line' id='line_1_10' title="bbox 128 865 1599 923; baseline -0.001 -14"><span class='ocrx_word' id='word_1_58' title='bbox 128 875 310 910; x_wconf 83' lang='lat' dir='ltr'>notatus.</span> <span class='ocrx_word' id='word_1_59' title='bbox 367 865 522 908; x_wconf 85' lang='lat' dir='ltr'>Folia</span> <span class='ocrx_word' id='word_1_60' title='bbox 553 866 781 922; x_wconf 62' lang='lat' dir='ltr'>postolat-‘213</span> <span class='ocrx_word' id='word_1_61' title='bbox 811 866 1016 919; x_wconf 81' lang='lat' dir='ltr'>inferiora</span> <span class='ocrx_word' id='word_1_62' title='bbox 1044 868 1322 923; x_wconf 84' lang='lat' dir='ltr'>paucijugata,</span> <span class='ocrx_word' id='word_1_63' title='bbox 1349 866 1599 908; x_wconf 75' lang='lat' dir='ltr'><strong>internodiis</strong></span> 
     </span>
     <span class='ocr_line' id='line_1_11' title="bbox 129 941 1599 999; baseline -0.004 -12"><span class='ocrx_word' id='word_1_64' title='bbox 129 945 335 996; x_wconf 83' lang='lat' dir='ltr'>breviora,</span> <span class='ocrx_word' id='word_1_65' title='bbox 365 942 547 985; x_wconf 87' lang='lat' dir='ltr'>florendi</span> <span class='ocrx_word' id='word_1_66' title='bbox 575 950 769 998; x_wconf 83' lang='lat' dir='ltr'>tempore</span> <span class='ocrx_word' id='word_1_67' title='bbox 798 942 1030 996; x_wconf 78' lang='lat' dir='ltr'>emarcid33</span> <span class='ocrx_word' id='word_1_68' title='bbox 1059 948 1276 999; x_wconf 81' lang='lat' dir='ltr'><strong><em>superiora</em></strong></span> <span class='ocrx_word' id='word_1_69' title='bbox 1304 941 1599 994; x_wconf 83' lang='lat' dir='ltr'>8—11-juga</span> 
     </span>
     <span class='ocr_line' id='line_1_12' title="bbox 129 1017 1599 1076; baseline -0.001 -14"><span class='ocrx_word' id='word_1_70' title='bbox 129 1036 223 1062; x_wconf 88' lang='lat' dir='ltr'>cum</span> <span class='ocrx_word' id='word_1_71' title='bbox 252 1020 431 1076; x_wconf 81' lang='lat' dir='ltr'>impari,</span> <span class='ocrx_word' id='word_1_72' title='bbox 462 1018 714 1060; x_wconf 82' lang='lat' dir='ltr'>internodiis</span> <span class='ocrx_word' id='word_1_73' title='bbox 743 1018 950 1070; x_wconf 79' lang='lat' dir='ltr'>longiora.</span> <span class='ocrx_word' id='word_1_74' title='bbox 1009 1017 1233 1060; x_wconf 89' lang='lat' dir='ltr'>Foliola</span> <span class='ocrx_word' id='word_1_75' title='bbox 1262 1018 1482 1075; x_wconf 84' lang='lat' dir='ltr'>petiolata,</span> <span class='ocrx_word' id='word_1_76' title='bbox 1522 1021 1599 1060; x_wconf 89' lang='lat' dir='ltr'>ob-</span> 
     </span>
     <span class='ocr_line' id='line_1_13' title="bbox 125 1092 1600 1151; baseline -0.004 -11"><span class='ocrx_word' id='word_1_77' title='bbox 125 1096 474 1150; x_wconf 84' lang='lat' dir='ltr'>longo-linearia</span> <span class='ocrx_word' id='word_1_78' title='bbox 503 1095 574 1136; x_wconf 86' lang='lat' dir='ltr'>vel</span> <span class='ocrx_word' id='word_1_79' title='bbox 604 1095 810 1146; x_wconf 84' lang='lat' dir='ltr'>oblonga,</span> <span class='ocrx_word' id='word_1_80' title='bbox 847 1092 1026 1135; x_wconf 81' lang='lat' dir='ltr'>subinde</span> <span class='ocrx_word' id='word_1_81' title='bbox 1067 1095 1233 1151; x_wconf 80' lang='lat' dir='ltr'>apicem</span> <span class='ocrx_word' id='word_1_82' title='bbox 1262 1109 1411 1136; x_wconf 84' lang='lat' dir='ltr'>versus</span> <span class='ocrx_word' id='word_1_83' title='bbox 1451 1108 1600 1150; x_wconf 82' lang='lat' dir='ltr'>parum</span> 
     </span>
     <span class='ocr_line' id='line_1_14' title="bbox 127 1170 1600 1228; baseline -0.003 -12"><span class='ocrx_word' id='word_1_84' title='bbox 127 1175 303 1225; x_wconf 82' lang='lat' dir='ltr'>latiora,</span> <span class='ocrx_word' id='word_1_85' title='bbox 346 1179 502 1214; x_wconf 79' lang='lat' dir='ltr'>retusa.</span> <span class='ocrx_word' id='word_1_86' title='bbox 563 1170 827 1225; x_wconf 86' lang='lat' dir='ltr'>Stipulae</span> <span class='ocrx_word' id='word_1_87' title='bbox 865 1171 1022 1212; x_wconf 85' lang='lat' dir='ltr'>liberae</span> <span class='ocrx_word' id='word_1_88' title='bbox 1061 1173 1135 1213; x_wconf 79' lang='lat' dir='ltr'>vel</span> <span class='ocrx_word' id='word_1_89' title='bbox 1174 1171 1267 1228; x_wconf 82' lang='lat' dir='ltr'>ipsa</span> <span class='ocrx_word' id='word_1_90' title='bbox 1298 1171 1389 1212; x_wconf 86' lang='lat' dir='ltr'>basi</span> <span class='ocrx_word' id='word_1_91' title='bbox 1417 1170 1527 1213; x_wconf 83' lang='lat' dir='ltr'>inter</span> <span class='ocrx_word' id='word_1_92' title='bbox 1554 1185 1600 1212; x_wconf 82' lang='lat' dir='ltr'>se</span> 
     </span>
     <span class='ocr_line' id='line_1_15' title="bbox 128 1249 1600 1303; baseline -0.003 -11"><span class='ocrx_word' id='word_1_93' title='bbox 128 1257 358 1301; x_wconf 71' lang='lat' dir='ltr'>comatae,</span> <span class='ocrx_word' id='word_1_94' title='bbox 388 1249 899 1301; x_wconf 78' lang='lat' dir='ltr'>elbo-membranaceae,</span> <span class='ocrx_word' id='word_1_95' title='bbox 938 1255 1115 1300; x_wconf 81' lang='lat' dir='ltr'>ovatae,</span> <span class='ocrx_word' id='word_1_96' title='bbox 1156 1255 1328 1300; x_wconf 81' lang='lat' dir='ltr'>acutae3</span> <span class='ocrx_word' id='word_1_97' title='bbox 1369 1252 1600 1303; x_wconf 82' lang='lat' dir='ltr'>superiores</span> 
     </span>
     <span class='ocr_line' id='line_1_16' title="bbox 127 1322 1601 1380; baseline -0.003 -11"><span class='ocrx_word' id='word_1_98' title='bbox 127 1327 286 1369; x_wconf 83' lang='lat' dir='ltr'>sensim</span> <span class='ocrx_word' id='word_1_99' title='bbox 317 1324 596 1378; x_wconf 77' lang='lat' dir='ltr'>angustiores.</span> <span class='ocrx_word' id='word_1_100' title='bbox 639 1323 861 1367; x_wconf 85' lang='lat' dir='ltr'>Racemi</span> <span class='ocrx_word' id='word_1_101' title='bbox 889 1324 936 1364; x_wconf 89' lang='lat' dir='ltr'>in</span> <span class='ocrx_word' id='word_1_102' title='bbox 966 1324 1119 1380; x_wconf 84' lang='lat' dir='ltr'>quovis</span> <span class='ocrx_word' id='word_1_103' title='bbox 1139 1325 1258 1366; x_wconf 83' lang='lat' dir='ltr'>caule</span> <span class='ocrx_word' id='word_1_104' title='bbox 1282 1325 1424 1380; x_wconf 87' lang='lat' dir='ltr'>plures</span> <span class='ocrx_word' id='word_1_105' title='bbox 1454 1322 1601 1377; x_wconf 79' lang='lat'>(3—6)</span> 
     </span>
     <span class='ocr_line' id='line_1_17' title="bbox 128 1398 1600 1457; baseline -0.005 -11"><span class='ocrx_word' id='word_1_106' title='bbox 128 1419 184 1446; x_wconf 79' lang='lat' dir='ltr'>ex</span> <span class='ocrx_word' id='word_1_107' title='bbox 213 1402 354 1445; x_wconf 81' lang='lat' dir='ltr'>axillis</span> <span class='ocrx_word' id='word_1_108' title='bbox 384 1402 587 1442; x_wconf 83' lang='lat' dir='ltr'>foliorum</span> <span class='ocrx_word' id='word_1_109' title='bbox 617 1401 900 1457; x_wconf 84' lang='lat' dir='ltr'><strong>superiorum,</strong></span> <span class='ocrx_word' id='word_1_110' title='bbox 932 1400 1105 1442; x_wconf 87' lang='lat' dir='ltr'>demum</span> <span class='ocrx_word' id='word_1_111' title='bbox 1135 1400 1320 1454; x_wconf 86' lang='lat' dir='ltr'>elongati</span> <span class='ocrx_word' id='word_1_112' title='bbox 1351 1398 1600 1456; x_wconf 80' lang='lat' dir='ltr'>(4-6-p01-</span> 
     </span>
     <span class='ocr_line' id='line_1_18' title="bbox 129 1475 1602 1534; baseline -0.005 -12"><span class='ocrx_word' id='word_1_113' title='bbox 129 1477 309 1534; x_wconf 68' lang='lat' dir='ltr'>limes),</span> <span class='ocrx_word' id='word_1_114' title='bbox 340 1485 746 1532; x_wconf 82' lang='lat' dir='ltr'>erecto-patentes,</span> <span class='ocrx_word' id='word_1_115' title='bbox 779 1477 941 1527; x_wconf 79' lang='lat' dir='ltr'>striati,</span> <span class='ocrx_word' id='word_1_116' title='bbox 970 1477 1211 1533; x_wconf 89' lang='lat' dir='ltr'>pedunculo</span> <span class='ocrx_word' id='word_1_117' title='bbox 1241 1475 1498 1529; x_wconf 78' lang='lat' dir='ltr'>insidentes,</span> <span class='ocrx_word' id='word_1_118' title='bbox 1528 1476 1602 1531; x_wconf 84' lang='lat' dir='ltr'>qui</span> 
     </span>
     <span class='ocr_line' id='line_1_19' title="bbox 129 1552 1601 1608; baseline -0.003 -11"><span class='ocrx_word' id='word_1_119' title='bbox 129 1554 350 1597; x_wconf 79' lang='lat' dir='ltr'>dimidiam</span> <span class='ocrx_word' id='word_1_120' title='bbox 380 1553 542 1595; x_wconf 82' lang='lat' dir='ltr'>circiter</span> <span class='ocrx_word' id='word_1_121' title='bbox 572 1553 885 1606; x_wconf 81' lang='lat' dir='ltr'>longitudinem</span> <span class='ocrx_word' id='word_1_122' title='bbox 916 1553 1047 1593; x_wconf 85' lang='lat' dir='ltr'>totius</span> <span class='ocrx_word' id='word_1_123' title='bbox 1075 1553 1235 1594; x_wconf 80' lang='lat' dir='ltr'>racemi</span> <span class='ocrx_word' id='word_1_124' title='bbox 1275 1560 1440 1608; x_wconf 84' lang='lat' dir='ltr'>aequat.</span> <span class='ocrx_word' id='word_1_125' title='bbox 1497 1552 1601 1594; x_wconf 84' lang='lat' dir='ltr'>I&#39;e—</span> 
     </span>
     <span class='ocr_line' id='line_1_20' title="bbox 129 1628 1598 1679; baseline -0.004 -6"><span class='ocrx_word' id='word_1_126' title='bbox 129 1631 392 1674; x_wconf 87' lang='lat' dir='ltr'>dunculus</span> <span class='ocrx_word' id='word_1_127' title='bbox 433 1637 475 1670; x_wconf 84' lang='lat' dir='ltr'>et</span> <span class='ocrx_word' id='word_1_128' title='bbox 511 1630 686 1671; x_wconf 84' lang='lat' dir='ltr'>rachis</span> <span class='ocrx_word' id='word_1_129' title='bbox 727 1637 895 1670; x_wconf 76' lang='lat' dir='ltr'>teretes.</span> <span class='ocrx_word' id='word_1_130' title='bbox 954 1628 1148 1670; x_wconf 88' lang='lat' dir='ltr'>Flores</span> <span class='ocrx_word' id='word_1_131' title='bbox 1179 1628 1405 1678; x_wconf 79' lang='lat' dir='ltr'>distantes,</span> <span class='ocrx_word' id='word_1_132' title='bbox 1441 1628 1598 1679; x_wconf 86' lang='lat' dir='ltr'>cernui,</span> 
     </span>
     <span class='ocr_line' id='line_1_21' title="bbox 128 1704 1600 1761; baseline -0.005 -10"><span class='ocrx_word' id='word_1_133' title='bbox 128 1708 351 1752; x_wconf 75' lang='lat' dir='ltr'>bracteati:</span> <span class='ocrx_word' id='word_1_134' title='bbox 385 1708 563 1748; x_wconf 79' lang='lat' dir='ltr'>bracteis</span> <span class='ocrx_word' id='word_1_135' title='bbox 592 1705 1078 1758; x_wconf 86' lang='lat' dir='ltr'>albo-membranaceis,</span> <span class='ocrx_word' id='word_1_136' title='bbox 1108 1704 1368 1758; x_wconf 78' lang='lat' dir='ltr'>lanceolatis‚</span> <span class='ocrx_word' id='word_1_137' title='bbox 1397 1704 1600 1761; x_wconf 88' lang='lat' dir='ltr'>pedicello</span> 
     </span>
     <span class='ocr_line' id='line_1_22' title="bbox 129 1781 1598 1839; baseline -0.005 -11"><span class='ocrx_word' id='word_1_138' title='bbox 129 1783 484 1828; x_wconf 83' lang='lat' dir='ltr'>subbrevioribus.</span> <span class='ocrx_word' id='word_1_139' title='bbox 543 1781 717 1835; x_wconf 80' lang='lat' dir='ltr'>calyx</span> <span class='ocrx_word' id='word_1_140' title='bbox 753 1781 1008 1839; x_wconf 83' lang='lat' dir='ltr'>pedicellum</span> <span class='ocrx_word' id='word_1_141' title='bbox 1044 1796 1197 1839; x_wconf 84' lang='lat' dir='ltr'>parum</span> <span class='ocrx_word' id='word_1_142' title='bbox 1227 1795 1458 1837; x_wconf 86' lang='lat' dir='ltr'>superans:</span> <span class='ocrx_word' id='word_1_143' title='bbox 1501 1783 1598 1821; x_wconf 77' lang='lat' dir='ltr'>tubo</span> 
     </span>
     <span class='ocr_line' id='line_1_23' title="bbox 128 1857 1601 1916; baseline -0.005 -13"><span class='ocrx_word' id='word_1_144' title='bbox 128 1861 221 1904; x_wconf 79' lang='lat' dir='ltr'>basi</span> <span class='ocrx_word' id='word_1_145' title='bbox 250 1859 458 1916; x_wconf 86' lang='lat' dir='ltr'>superiori</span> <span class='ocrx_word' id='word_1_146' title='bbox 486 1858 564 1900; x_wconf 83' lang='lat' dir='ltr'>vix</span> <span class='ocrx_word' id='word_1_147' title='bbox 592 1859 795 1912; x_wconf 78' lang='lat' dir='ltr'>gibbos03</span> <span class='ocrx_word' id='word_1_148' title='bbox 833 1861 1021 1901; x_wconf 77' lang='lat' dir='ltr'>dentibus</span> <span class='ocrx_word' id='word_1_149' title='bbox 1058 1860 1207 1899; x_wconf 81' lang='lat' dir='ltr'>tubum</span> <span class='ocrx_word' id='word_1_150' title='bbox 1247 1857 1471 1899; x_wconf 89' lang='lat' dir='ltr'>dimidium</span> <span class='ocrx_word' id='word_1_151' title='bbox 1499 1857 1601 1897; x_wconf 86' lang='lat' dir='ltr'>sub-</span> 
     </span>
     <span class='ocr_line' id='line_1_24' title="bbox 127 1934 1600 1994; baseline -0.005 -15"><span class='ocrx_word' id='word_1_152' title='bbox 127 1937 432 1994; x_wconf 83' lang='lat' dir='ltr'>eequantibus;</span> <span class='ocrx_word' id='word_1_153' title='bbox 455 1938 741 1990; x_wconf 75' lang='lat' dir='ltr'>superioribus</span> <span class='ocrx_word' id='word_1_154' title='bbox 760 1950 911 1992; x_wconf 85' lang='lat' dir='ltr'>parum</span> <span class='ocrx_word' id='word_1_155' title='bbox 932 1935 1206 1988; x_wconf 85' lang='lat' dir='ltr'>brevioribus,</span> <span class='ocrx_word' id='word_1_156' title='bbox 1230 1936 1281 1975; x_wconf 80' lang='lat' dir='ltr'>ab</span> <span class='ocrx_word' id='word_1_157' title='bbox 1301 1934 1485 1974; x_wconf 83' lang='lat' dir='ltr'>invicem</span> <span class='ocrx_word' id='word_1_158' title='bbox 1505 1946 1600 1972; x_wconf 82' lang='lat' dir='ltr'>ma-</span> 
     </span>
     <span class='ocr_line' id='line_1_25' title="bbox 127 2007 1599 2069; baseline -0.005 -14"><span class='ocrx_word' id='word_1_159' title='bbox 127 2013 192 2069; x_wconf 82' lang='lat' dir='ltr'>gis</span> <span class='ocrx_word' id='word_1_160' title='bbox 220 2013 413 2054; x_wconf 81' lang='lat' dir='ltr'>remotis.</span> <span class='ocrx_word' id='word_1_161' title='bbox 454 2011 737 2053; x_wconf 81' lang='lat' dir='ltr'>Vexillum</span> <span class='ocrx_word' id='word_1_162' title='bbox 768 2011 925 2068; x_wconf 84' lang='lat' dir='ltr'>pallide</span> <span class='ocrx_word' id='word_1_163' title='bbox 946 2012 1177 2064; x_wconf 85' lang='lat' dir='ltr'>lilacinum‚</span> <span class='ocrx_word' id='word_1_164' title='bbox 1208 2012 1363 2064; x_wconf 84' lang='lat' dir='ltr'>angulo</span> <span class='ocrx_word' id='word_1_165' title='bbox 1393 2015 1505 2050; x_wconf 85' lang='lat' dir='ltr'>recto</span> <span class='ocrx_word' id='word_1_166' title='bbox 1524 2007 1599 2048; x_wconf 88' lang='lat' dir='ltr'>ad-</span> 
     </span>
     <span class='ocr_line' id='line_1_26' title="bbox 129 2084 1597 2143; baseline -0.005 -11"><span class='ocrx_word' id='word_1_167' title='bbox 129 2087 359 2139; x_wconf 87' lang='lat' dir='ltr'>scendens,</span> <span class='ocrx_word' id='word_1_168' title='bbox 401 2088 518 2143; x_wconf 84' lang='lat' dir='ltr'>apice</span> <span class='ocrx_word' id='word_1_169' title='bbox 546 2095 756 2129; x_wconf 80' lang='lat' dir='ltr'>retusum.</span> <span class='ocrx_word' id='word_1_170' title='bbox 817 2087 960 2129; x_wconf 86' lang='lat' dir='ltr'>Alae</span> <span class='ocrx_word' id='word_1_171' title='bbox 990 2088 1139 2131; x_wconf 84' lang='lat' dir='ltr'>vexilli</span> <span class='ocrx_word' id='word_1_172' title='bbox 1169 2089 1310 2129; x_wconf 85' lang='lat' dir='ltr'>colore</span> <span class='ocrx_word' id='word_1_173' title='bbox 1339 2098 1474 2140; x_wconf 85' lang='lat' dir='ltr'>eoque</span> <span class='ocrx_word' id='word_1_174' title='bbox 1501 2084 1597 2124; x_wconf 88' lang='lat' dir='ltr'>bre-</span> 
     </span>
     <span class='ocr_line' id='line_1_27' title="bbox 130 2157 1599 2219; baseline -0.006 -11"><span class='ocrx_word' id='word_1_175' title='bbox 130 2167 294 2213; x_wconf 87' lang='lat' dir='ltr'>viores,</span> <span class='ocrx_word' id='word_1_176' title='bbox 328 2163 490 2219; x_wconf 82' lang='lat' dir='ltr'>apicem</span> <span class='ocrx_word' id='word_1_177' title='bbox 519 2178 667 2205; x_wconf 81' lang='lat' dir='ltr'>versus</span> <span class='ocrx_word' id='word_1_178' title='bbox 697 2163 859 2205; x_wconf 85' lang='lat' dir='ltr'>eximie</span> <span class='ocrx_word' id='word_1_179' title='bbox 889 2163 1109 2217; x_wconf 78' lang='lat' dir='ltr'>dilatatae,</span> <span class='ocrx_word' id='word_1_180' title='bbox 1139 2162 1440 2214; x_wconf 69' lang='lat' dir='ltr'>emarginat-ae.</span> <span class='ocrx_word' id='word_1_181' title='bbox 1500 2157 1599 2200; x_wconf 86' lang='lat' dir='ltr'>Ca-</span> 
     </span>
     <span class='ocr_line' id='line_1_28' title="bbox 129 2235 1598 2295; baseline -0.005 -12"><span class='ocrx_word' id='word_1_182' title='bbox 129 2242 253 2283; x_wconf 85' lang='lat' dir='ltr'>rina</span> <span class='ocrx_word' id='word_1_183' title='bbox 283 2240 361 2281; x_wconf 83' lang='lat' dir='ltr'>alis</span> <span class='ocrx_word' id='word_1_184' title='bbox 393 2239 581 2291; x_wconf 79' lang='lat' dir='ltr'>brevior,</span> <span class='ocrx_word' id='word_1_185' title='bbox 622 2241 739 2295; x_wconf 82' lang='lat' dir='ltr'>apice</span> <span class='ocrx_word' id='word_1_186' title='bbox 767 2240 974 2281; x_wconf 84' lang='lat' dir='ltr'>intensius</span> <span class='ocrx_word' id='word_1_187' title='bbox 1005 2241 1203 2280; x_wconf 76' lang='lat' dir='ltr'>colorata.</span> <span class='ocrx_word' id='word_1_188' title='bbox 1265 2236 1502 2278; x_wconf 69' lang='lat' dir='ltr'>German</span> <span class='ocrx_word' id='word_1_189' title='bbox 1530 2235 1598 2291; x_wconf 84' lang='lat' dir='ltr'>pi-</span> 
     </span>
     <span class='ocr_line' id='line_1_29' title="bbox 130 2313 1596 2371; baseline -0.005 -12"><span class='ocrx_word' id='word_1_190' title='bbox 130 2319 185 2359; x_wconf 81' lang='lat' dir='ltr'>lis</span> <span class='ocrx_word' id='word_1_191' title='bbox 203 2315 465 2358; x_wconf 83' lang='lat' dir='ltr'>brevissimis</span> <span class='ocrx_word' id='word_1_192' title='bbox 485 2315 589 2356; x_wconf 84' lang='lat' dir='ltr'>raris</span> <span class='ocrx_word' id='word_1_193' title='bbox 610 2315 870 2370; x_wconf 81' lang='lat' dir='ltr'>adspersum,</span> <span class='ocrx_word' id='word_1_194' title='bbox 900 2315 944 2355; x_wconf 88' lang='lat' dir='ltr'>in</span> <span class='ocrx_word' id='word_1_195' title='bbox 967 2314 1118 2371; x_wconf 85' lang='lat' dir='ltr'>quovis</span> <span class='ocrx_word' id='word_1_196' title='bbox 1136 2314 1421 2358; x_wconf 83' lang='lat' dir='ltr'>loculamento</span> <span class='ocrx_word' id='word_1_197' title='bbox 1439 2313 1596 2354; x_wconf 86' lang='lat' dir='ltr'>5-ovu-</span> 
     </span>
     <span class='ocr_line' id='line_1_30' title="bbox 104 2389 969 2454; baseline -0.007 -18"><span class='ocrx_word' id='word_1_198' title='bbox 104 2396 278 2454; x_wconf 22' lang='lat' dir='ltr'>(latum.</span> <span class='ocrx_word' id='word_1_199' title='bbox 338 2390 620 2445; x_wconf 84' lang='lat' dir='ltr'>Legumeu</span> <span class='ocrx_word' id='word_1_200' title='bbox 651 2405 737 2431; x_wconf 88' lang='lat' dir='ltr'>non</span> <span class='ocrx_word' id='word_1_201' title='bbox 768 2389 969 2431; x_wconf 86' lang='lat' dir='ltr'>vidimus.</span> 
     </span>
    </p>

    <p class='ocr_par' dir='ltr' id='par_1_4' title="bbox 242 2463 1598 2522">
     <span class='ocr_line' id='line_1_31' title="bbox 242 2463 1598 2522; baseline -0.006 -12"><span class='ocrx_word' id='word_1_202' title='bbox 242 2468 433 2511; x_wconf 82' lang='lat' dir='ltr'>Maxime</span> <span class='ocrx_word' id='word_1_203' title='bbox 470 2467 568 2509; x_wconf 88' lang='lat' dir='ltr'>licet</span> <span class='ocrx_word' id='word_1_204' title='bbox 603 2467 746 2507; x_wconf 87' lang='lat' dir='ltr'>affinis</span> <span class='ocrx_word' id='word_1_205' title='bbox 787 2466 949 2508; x_wconf 86' lang='lat' dir='ltr'>duobus</span> <span class='ocrx_word' id='word_1_206' title='bbox 979 2465 1350 2522; x_wconf 85' lang='lat' dir='ltr'>subsequentibus,</span> <span class='ocrx_word' id='word_1_207' title='bbox 1390 2463 1449 2508; x_wconf 83' lang='grc' dir='ltr'>Α.</span> <span class='ocrx_word' id='word_1_208' title='bbox 1480 2464 1598 2503; x_wconf 80' lang='lat' dir='ltr'>sul-</span> 
     </span>
    </p>
   </div>
   <div class='ocr_carea' id='block_1_3' title="bbox 56 2539 1599 2600">
    <p class='ocr_par' dir='ltr' id='par_1_5' title="bbox 56 2539 1599 2600">
     <span class='ocr_line' id='line_1_32' title="bbox 56 2539 1599 2600; baseline -0.005 -13"><span class='ocrx_word' id='word_1_209' title='bbox 56 2593 62 2600; x_wconf 43' lang='lat'>·</span> <span class='ocrx_word' id='word_1_210' title='bbox 130 2552 250 2587; x_wconf 70' lang='lat' dir='ltr'>cato</span> <span class='ocrx_word' id='word_1_211' title='bbox 280 2551 324 2586; x_wconf 84' lang='lat' dir='ltr'>et</span> <span class='ocrx_word' id='word_1_212' title='bbox 353 2542 614 2596; x_wconf 83' lang='lat' dir='ltr'>vicioidi,</span> <span class='ocrx_word' id='word_1_213' title='bbox 650 2549 793 2583; x_wconf 81' lang='lat' dir='ltr'>tamen</span> <span class='ocrx_word' id='word_1_214' title='bbox 823 2545 876 2582; x_wconf 82' lang='lat' dir='ltr'>ab</span> <span class='ocrx_word' id='word_1_215' title='bbox 906 2551 1086 2598; x_wconf 87' lang='lat' dir='ltr'>utroque</span> <span class='ocrx_word' id='word_1_216' title='bbox 1115 2543 1285 2584; x_wconf 84' lang='lat' dir='ltr'>differre</span> <span class='ocrx_word' id='word_1_217' title='bbox 1315 2539 1495 2581; x_wconf 85' lang='lat' dir='ltr'>videtur.</span> <span class='ocrx_word' id='word_1_218' title='bbox 1556 2539 1599 2580; x_wconf 82' lang='lat' dir='ltr'>A</span> 
     </span>
    </p>
   </div>
   <div class='ocr_carea' id='block_1_4' title="bbox 128 2616 1598 2827">
    <p class='ocr_par' dir='ltr' id='par_1_6' title="bbox 128 2616 1598 2827">
     <span class='ocr_line' id='line_1_33' title="bbox 130 2616 1597 2679; baseline -0.005 -16"><span class='ocrx_word' id='word_1_219' title='bbox 130 2622 266 2679; x_wconf 86' lang='lat' dir='ltr'>priori</span> <span class='ocrx_word' id='word_1_220' title='bbox 308 2620 472 2664; x_wconf 81' lang='lat' dir='ltr'>differt:</span> <span class='ocrx_word' id='word_1_221' title='bbox 512 2619 651 2662; x_wconf 83' lang='lat' dir='ltr'>radice</span> <span class='ocrx_word' id='word_1_222' title='bbox 686 2618 945 2672; x_wconf 70' lang='lat' dir='ltr'>mummuli,</span> <span class='ocrx_word' id='word_1_223' title='bbox 989 2620 1108 2660; x_wconf 85' lang='lat' dir='ltr'>caule</span> <span class='ocrx_word' id='word_1_224' title='bbox 1147 2619 1270 2660; x_wconf 82' lang='lat' dir='ltr'>tereti</span> <span class='ocrx_word' id='word_1_225' title='bbox 1307 2631 1385 2659; x_wconf 82' lang='lat' dir='ltr'>nec</span> <span class='ocrx_word' id='word_1_226' title='bbox 1423 2616 1597 2667; x_wconf 80' lang='lat' dir='ltr'>sulcato,</span> 
     </span>
     <span class='ocr_line' id='line_1_34' title="bbox 129 2694 1595 2755; baseline -0.005 -15"><span class='ocrx_word' id='word_1_227' title='bbox 129 2699 246 2740; x_wconf 84' lang='lat' dir='ltr'>foliis</span> <span class='ocrx_word' id='word_1_228' title='bbox 271 2698 484 2755; x_wconf 79' lang='lat' dir='ltr'>petiolatis</span> <span class='ocrx_word' id='word_1_229' title='bbox 513 2697 541 2737; x_wconf 84' lang='lat' dir='ltr'>i.</span> <span class='ocrx_word' id='word_1_230' title='bbox 574 2710 612 2737; x_wconf 89' lang='lat' dir='ltr'>e.</span> <span class='ocrx_word' id='word_1_231' title='bbox 645 2694 845 2735; x_wconf 83' lang='lat' dir='ltr'>foliorum</span> <span class='ocrx_word' id='word_1_232' title='bbox 875 2696 965 2751; x_wconf 79' lang='lat' dir='ltr'>pari</span> <span class='ocrx_word' id='word_1_233' title='bbox 994 2696 1185 2737; x_wconf 83' lang='lat' dir='ltr'>inferiori</span> <span class='ocrx_word' id='word_1_234' title='bbox 1215 2709 1238 2735; x_wconf 89' lang='lat' dir='ltr'>a</span> <span class='ocrx_word' id='word_1_235' title='bbox 1269 2695 1388 2735; x_wconf 83' lang='lat' dir='ltr'>caule</span> <span class='ocrx_word' id='word_1_236' title='bbox 1418 2699 1595 2744; x_wconf 79' lang='lat' dir='ltr'>remoto,</span> 
     </span>
     <span class='ocr_line' id='line_1_35' title="bbox 128 2769 1598 2827; baseline -0.005 -10"><span class='ocrx_word' id='word_1_237' title='bbox 128 2773 290 2818; x_wconf 81' lang='lat' dir='ltr'>foliolis</span> <span class='ocrx_word' id='word_1_238' title='bbox 321 2771 590 2827; x_wconf 83' lang='lat' dir='ltr'>emarginatis</span> <span class='ocrx_word' id='word_1_239' title='bbox 615 2772 683 2814; x_wconf 82' lang='lat' dir='ltr'>vel</span> <span class='ocrx_word' id='word_1_240' title='bbox 713 2771 878 2825; x_wconf 82' lang='lat' dir='ltr'>retusis,</span> <span class='ocrx_word' id='word_1_241' title='bbox 910 2785 1073 2814; x_wconf 85' lang='lat' dir='ltr'>racemo</span> <span class='ocrx_word' id='word_1_242' title='bbox 1106 2771 1275 2826; x_wconf 78' lang='lat' dir='ltr'>longius</span> <span class='ocrx_word' id='word_1_243' title='bbox 1303 2769 1598 2827; x_wconf 75' lang='lat' dir='ltr'>pedunoulato,</span> 
     </span>
    </p>
   </div>
  </div>
 </body>
</html>
