1648 2989
91 95 204 150 246
500 100 578 153 cl.
614 103 774 154 xvii.
827 97 1164 173 'Diadelphiffl

97 225 277 277 inferius
304 238 431 282 supra
458 228 580 269 basin
611 227 797 280 gibbum,
828 228 919 269 basi
946 228 1036 286 ipsa
1070 244 1165 272 cum
1195 230 1393 274 inferiore
1418 236 1566 276 stami-

98 315 206 342 num
235 302 450 358 phalange
480 312 722 356 connatam,
753 311 965 346 caeterum
994 307 1199 361 liberum3
1232 311 1421 351 lateralia
1449 312 1568 367 apice

99 377 213 419 inter
234 391 281 420 se
299 387 494 435 connata,
524 382 669 423 medio
691 382 914 422 constricta
944 390 988 423 et
1018 384 1140 439 quasi
1167 385 1397 426 articulata.
1442 386 1570 442 Sty-

102 454 190 494 lus
228 461 273 495 et
310 457 495 498 stamina
537 459 656 515 apice
696 456 1012 502 adscendentia.
1083 461 1301 513 Stigma
1339 462 1568 517 cristatum,

107 537 338 573 crenatum.
408 534 650 577 Fructus
691 535 1128 588 oblongo-linearis,
1167 535 1229 592 1}
1267 538 1368 593 poll.
1406 539 1572 593 longus,

107 607 218 660 stylo
249 615 292 651 et
319 608 517 665 stigmate
546 611 868 668 persistentibus
898 620 1136 656 coronatus,
1195 612 1417 655 Semina
1446 617 1576 671 nigri-

107 683 260 728 cantia.

496 772 544 829 7)
589 772 840 816 CORYDALIS
873 774 1085 817 GEBLERI.
1127 790 1184 816 m.

83 838 172 893 C.
209 847 352 896 caule
388 848 565 900 diffuso
601 868 818 910 ramoso,
852 850 988 899 foliis
1024 851 1454 916 glaucescentibus
1488 852 1580 900 tri-

177 934 352 983 sectis:
389 939 663 1002 segmentis
693 938 989 1002 tripartitis:
1022 939 1225 987 laciniis
1253 939 1581 988 cuneiformi-

179 1017 272 1070 bus
306 1022 510 1087 incisis;
543 1025 870 1075 inferioribus
895 1027 1200 1089 pedunculos
1219 1027 1583 1091 superantibus,

180 1109 380 1158 calcare
414 1112 718 1162 subincurvo
754 1112 948 1173 obtu50‚
984 1113 1235 1163 fructibus
1268 1114 1588 1179 prismatico-

182 1196 450 1249 tetraedris
484 1201 750 1265 pedicellos
788 1201 1223 1264 subaequantibus.

229 1278 276 1323 C.
310 1281 497 1328 Gebleri.
556 1288 657 1329 Iud.
692 1302 789 1329 sem.
821 1292 862 1329 h.
895 1289 1076 1343 Dorpat.
1107 1305 1153 1344 p.
1185 1303 1227 1328 α.
1259 1285 1386 1331 1823.
1416 1311 1473 1319 -
1500 1290 1587 1330 Le-

287 1362 379 1403 deb.
409 1363 472 1404 Ic.
499 1366 559 1418 pl.
589 1365 652 1405 Fl.
684 1380 788 1406 ross.
820 1370 895 1407 alt.
925 1368 1075 1406 illustr.
1107 1373 1140 1407 t.
1169 1362 1242 1407 49.
1343 1369 1346 1373 ’

116 1431 225 1475 Hah.
257 1435 302 1476 in
332 1438 600 1480 subhumidis
627 1441 839 1481 umbrosis
870 1442 1017 1492 rarior,
1050 1456 1094 1483 v.
1123 1456 1185 1494 gr.
1216 1454 1345 1496 prope
1373 1437 1589 1484 Riddersk

175 1510 230 1553 ed
266 1512 314 1555 fl.
343 1513 673 1558 Grammatucha
710 1512 834 1571 (L.),
871 1515 1139 1572 Tscharysch
1177 1515 1250 1571 (L.
1281 1516 1352 1574 Β.)
1393 1526 1436 1559 et
1474 1519 1586 1561 alibi.

173 1586 238 1631 ΕΙ.
268 1588 368 1630 Jun.
431 1592 496 1640 (ζ’.

232 1663 436 1707 caules
475 1666 645 1709 diffusi:
686 1672 817 1710 ramis
855 1667 1203 1724 ultrapedalibus.
1271 1668 1427 1711 Folia
1465 1685 1591 1728 supra

122 1740 443 1796 glaucescentia,
471 1746 618 1785 subtus
638 1745 807 1798 glauca;
838 1749 1090 1786 intermedia
1116 1745 1369 1787 internodiis
1387 1749 1591 1792 breviora.

123 1813 347 1860 Raeemi
377 1820 543 1861 caulem
570 1835 795 1877 ramosque
825 1823 1118 1873 terminantes,
1146 1824 1224 1863 sub
1250 1823 1416 1864 anthesi
1444 1825 1595 1865 abbre-

121 1891 241 1944 viati,
272 1893 447 1937 demum
476 1898 677 1950 elongati,
708 1899 770 1938 ita
801 1905 848 1938 ut
876 1898 1004 1939 flores
1033 1899 1258 1940 inferiores
1287 1899 1469 1941 subinde
1499 1903 1594 1956 pol-

120 1967 247 2010 licem
277 1972 349 2012 vel
379 1971 485 2014 duos
513 1975 689 2029 pollices
719 1975 772 2015 ab
801 1973 986 2016 invicem
1014 1976 1168 2016 remoti
1197 1977 1297 2016 sint.
1340 1976 1594 2018 Bracteae

122 2044 348 2088 inferiores
379 2049 632 2092 foliiformes
663 2050 716 2092 ad
745 2051 865 2092 basin
895 2053 985 2092 fere
1014 2050 1290 2108 3-partitae:
1333 2056 1496 2093 laciniis
1524 2054 1595 2094 in-

125 2121 254 2175 tegris
283 2124 355 2165 vel
382 2125 699 2180 bi—trifidisve3
735 2127 904 2168 mediae
941 2127 1018 2169 vix
1054 2128 1107 2168 ad
1135 2127 1327 2168 medium
1357 2142 1490 2183 usque
1524 2131 1595 2171 in-

125 2197 262 2254 cisae3
291 2213 510 2256 supremae
538 2204 823 2256 subint-egrae.
881 2202 1071 2244 Flores
1101 2204 1320 2255 suberecti,
1353 2218 1430 2245 sex
1459 2206 1594 2249 lineas

125 2275 244 2327 longi
272 2278 343 2318 vel
371 2291 518 2332 parum
547 2280 776 2332 longiores.
821 2280 1016 2336 Sepala
1047 2280 1138 2320 basi
1167 2286 1372 2332 truncata,
1403 2283 1594 2335 margine

126 2350 276 2393 incisa.
324 2350 572 2395 corollae
601 2356 758 2411 pallide
785 2357 947 2398 flavae:
979 2357 1147 2396 laciniis
1174 2357 1413 2412 petalorum
1442 2358 1494 2399 ad
1525 2374 1596 2400 ca-

127 2428 266 2469 rinam
286 2430 773 2486 fusco-virescentibus3
805 2437 970 2474 calcare
992 2447 1142 2488 parum
1163 2433 1396 2487 incurvam,
1426 2436 1592 2490 obtuso,

127 2504 286 2545 lamina
314 2506 393 2554 vix
422 2507 628 2549 breviore.
684 2508 913 2549 Fructus
942 2511 1031 2550 fere
1059 2510 1292 2565 pollicares.

240 2580 511 2625 Bractearum
540 2591 584 2625 et
611 2586 824 2625 fructuum
853 2587 988 2626 forma
1019 2585 1302 2638 dignoscenda
1331 2599 1356 2625 a
1385 2586 1593 2642 proximis

131 2654 177 2698 C.
209 2658 448 2701 sibirica
487 2669 529 2702 et
567 2662 915 2718 impatiente,
953 2675 1061 2718 quae
1100 2662 1271 2719 insuper
1307 2662 1407 2704 folia
1436 2664 1594 2707 habent

130 2732 437 2790 bipinnatifida.
