1648 2989
145 128 241 177 174
515 124 591 174 Cl.
629 125 737 174 XV.
806 122 1218 187 Tetradynamia.

142 251 355 293 cauliculis
384 247 662 290 subterraneis
692 247 914 288 terminata
945 246 1144 286 solitariis
1169 247 1239 286 vel
1268 244 1457 301 pluribus
1487 244 1602 286 radi-

143 328 399 377 cisormihm,
431 326 520 380 ipsa
550 324 688 365 radice
716 323 989 372 tenuioribus,
1021 323 1117 374 {-
1136 319 1160 361 1
1190 323 1291 377 poll.
1324 322 1474 374 longis,
1506 336 1602 362 ere-

141 406 230 455 ctis,
260 403 510 458 petiolorum
533 401 720 452 vestigiis
751 398 870 453 quasi
901 398 1156 449 cicanisatis,
1188 399 1306 453 apice
1335 399 1475 439 caules
1505 400 1603 454 plu-

140 494 207 520 res
238 477 596 534 protrudentibus.
654 476 836 515 Herba
869 475 1141 526 glaberrima,
1170 473 1344 522 viridis,
1377 475 1484 513 facie
1513 475 1603 514 sere

141 554 501 595 Cochleariae
539 552 782 591 danicae.
847 549 1042 590 Caules
1072 552 1395 604 procumbentes
1426 550 1497 590 vel
1527 549 1603 590 de·

139 632 306 680 clinati,
349 629 671 685 sinriplicissimi,
706 626 1003 666 subfilisormes
1043 624 1139 678 (filo
1179 627 1306 680 paulo
1339 623 1601 678 crassiores),

139 706 313 759 1}-—3
343 707 444 760 poll.
476 705 615 756 longi,
657 717 678 741 a
718 703 808 742 basi
837 701 889 741 ad
920 701 1080 756 apicem
1116 715 1248 755 usque
1285 701 1439 741 foliosi.
1500 701 1603 742 Fo-

139 785 511 840 liarsubcarnosa3
554 780 767 820 radicalia
797 793 949 834 pauca,
982 792 1064 816 non
1097 778 1305 830 rosulata3
1345 781 1510 817 caldina
1538 778 1602 816 al-

137 868 267 910 terna,
300 859 441 898 omnia
471 857 693 913 petiolat33
722 859 875 910 petiolo
897 852 1033 895 2—ss
1052 854 1125 894 lin.
1149 855 1289 905 longo,
1320 854 1600 904 subfilil'ormi,

136 938 228 978 basi
258 938 332 976 vix
362 934 556 985 dilatat03
588 936 745 972 lamina
776 932 959 986 elliptica
988 931 1059 970 vel
1090 944 1144 969 ex
1173 930 1599 983 elliptico-suborbi-

138 1014 284 1064 culata,
316 1012 475 1061 obtusa,
506 1009 793 1060 integerrima,
825 1009 894 1047 vel
924 1005 1134 1045 denticulo
1166 1007 1357 1046 obsoleto
1388 1019 1472 1045 uno
1493 1005 1600 1045 duo-

136 1092 269 1130 busve
304 1095 460 1137 notata,
494 1087 569 1124 lin.
600 1084 776 1135 2—-3{
806 1085 944 1135 longa,
979 1081 1179 1133 13—23
1211 1082 1282 1122 lin.
1312 1083 1410 1132 lata,
1440 1083 1597 1136 patula.

134 1167 317 1207 Flores
348 1177 402 1203 ex
431 1162 625 1202 omnibus
656 1162 794 1200 axillis
824 1161 1023 1199 foliorum
1054 1173 1076 1198 a
1107 1159 1196 1199 basi
1227 1156 1279 1197 ad
1310 1158 1473 1212 apicem
1497 1172 1598 1197 cau-

135 1245 186 1283 lis
217 1245 540 1297 procrescentes,
573 1238 767 1286 solitarii,
799 1237 921 1292 parvi
947 1236 1007 1286 (in
1033 1235 1331 1290 speciminibus
1355 1234 1473 1273 siccis
1497 1235 1597 1273 och-

134 1315 332 1369 roleuci),
364 1314 625 1370 pedicellati:
663 1317 877 1368 peclicellis
908 1313 1195 1361 filisormibus,
1225 1308 1368 1349 2—-3
1397 1311 1471 1351 lin.
1502 1311 1598 1349 lon-
1646 1293 1647 1297 Ἰ

135 1396 219 1448 gis,
251 1394 409 1449 petiolo
439 1405 606 1445 semper
635 1391 920 1439 brevioribus,
955 1388 1127 1427 demum
1157 1386 1374 1437 secundis,
1407 1387 1596 1425 nutanti-

134 1474 225 1512 bus.
272 1469 436 1520 Calyx
465 1470 492 1521 ξ
521 1468 596 1508 lin.
628 1468 792 1517 longus,
824 1466 1006 1520 patulus,
1039 1464 1126 1503 basi
1156 1462 1353 1516 aequalis,
1386 1476 1468 1500 una
1500 1476 1596 1501 cum

133 1547 284 1603 petalis
314 1551 356 1585 et
385 1543 634 1583 staminibus
664 1542 710 1581 in
741 1543 875 1589 fructu
898 1548 1076 1590 maturo,
1108 1540 1236 1579 eliam
1257 1545 1350 1593 post
1380 1538 1594 1578 seminum

134 1633 177 1663 et
206 1621 472 1663 valvularum
503 1617 719 1673 delapsum
749 1617 999 1672 persistens:
1040 1614 1435 1670 sepelis-ellipticis,
1468 1616 1592 1653 oblu-

134 1700 207 1745 sis,
239 1695 460 1747 viridibus,
493 1695 679 1746 margine
709 1700 885 1745 angusto
914 1691 1070 1747 pallido
1104 1691 1245 1730 cinctis
1270 1698 1312 1729 et
1344 1691 1485 1730 nervis
1515 1692 1592 1730 tri-

136 1778 211 1814 bus
243 1771 525 1812 crassiuseulis
555 1771 783 1810 instructis.
844 1769 1030 1809 Petala
1063 1770 1200 1821 calyce
1233 1766 1359 1822 duplo
1389 1767 1590 1819 longiora,

131 1852 322 1901 oblonga,
353 1848 399 1887 in
430 1860 614 1898 unguem
645 1849 815 1886 brevem
846 1851 1075 1893 attenuata,
1104 1843 1398 1895 integerrima,
1429 1845 1587 1898 patula,

130 1924 408 1981 triplinervia.
480 1921 791 1962 Glandulae
836 1922 1165 1976 hypogynae
1216 1921 1259 1959 in
1300 1921 1443 1974 planta
1482 1921 1590 1960 sicca

130 2000 245 2042 haud
276 1998 598 2051 distinguendae
626 2020 681 2028 -—
709 2013 761 2037 an
795 1997 967 2038 nullae?
1016 1996 1252 2037 Stamina
1281 1994 1586 2047 tetradynama‚

129 2079 275 2127 libera,
307 2074 519 2125 edentula,
551 2076 640 2115 basi
669 2072 1231 2122 membranaceo-dilala1a3
1268 2070 1296 2110 4
1324 2071 1588 2121 longitudine

129 2151 285 2203 ovarii3
326 2152 353 2191 2
392 2151 519 2205 paulo
561 2152 768 2193 breviora,
838 2151 1128 2190 Antherae
1167 2147 1328 2194 flavae,
1369 2148 1586 2198 minimae,

129 2229 416 2281 subglobosae,
448 2227 536 2267 basi
566 2228 744 2267 bilobae.
807 2224 1067 2266 Ovarium
1097 2236 1224 2278 supra
1253 2229 1394 2263 torum
1423 2224 1583 2274 sessile,

128 2305 364 2354 biloculare,
397 2304 651 2353 sabinarum,
682 2303 726 2342 in
757 2302 912 2352 stylum
943 2302 1115 2339 brevem
1146 2300 1334 2339 conicum
1365 2312 1490 2354 saepe
1518 2299 1586 2339 in-

129 2395 308 2423 curvum
337 2386 619 2429 attenuatum,
649 2377 787 2417 4-8
818 2377 1059 2416 ovulatum:
1099 2380 1231 2417 ovzclis
1258 2375 1444 2426 alternis,
1475 2388 1586 2429 pen-

128 2458 251 2499 dulis.
311 2455 523 2506 stigma
552 2461 811 2504 truncatum,
842 2451 1064 2492 latitudine
1093 2453 1215 2504 styli,
1246 2452 1582 2503 integerrimum.

127 2533 375 2588 Siliquae
403 2529 680 2578 abbreviatae,
713 2529 1071 2579 siliculaesormes,
1102 2529 1176 2569 lin.
1207 2529 1306 2569 2-
1324 2526 1389 2578 3}
1418 2528 1582 2578 longae,

125 2611 154 2664 2}
181 2624 226 2651 v.
259 2608 281 2648 1
312 2608 390 2649 lin.
427 2606 520 2647 basi
555 2607 687 2659 latae3
725 2605 943 2656 inferiores
980 2611 1201 2657 nutante53
1239 2617 1454 2657 supremae
1489 2615 1584 2642 ere-

126 2685 372 2735 cliusculae,
410 2697 435 2723 e
465 2682 629 2723 cordata
660 2683 749 2722 basi
777 2687 979 2731 acutatae,
1012 2681 1580 2731 subulato-subtetragonae,

125 2760 410 2813 muriculatae,
440 2761 700 2813 biloculares,
731 2758 1011 2800 dehiscentes.
1069 2757 1340 2801 Valvulae
1370 2756 1579 2796 membra-
