1648 2989
481 146 558 198 Cl.
595 148 752 198 XVII.
822 150 1138 215 Diadelphia.
1444 162 1542 210 251

245 269 438 322 vngII.
471 287 514 325 p.
534 270 630 313 286.
653 271 736 313 No.
754 271 794 314 6.
830 294 884 301 --
915 274 984 316 M.
1016 292 1042 315 α
1073 277 1183 319 Bieb.
1208 279 1270 322 Fl.
1302 287 1410 324 taur.
1431 298 1543 328 caue.

247 347 305 387 II.
337 363 378 402 Ρ.
395 347 492 388 224.
523 349 607 389 No.
629 348 765 400 1546‚·
794 350 878 392 ΙΙΙ.
907 367 948 405 Ρ.
968 350 1064 393 517.

189 419 251 464 M.
280 426 576 480 procumbens.
636 426 786 467 Besser
814 427 895 469 En.
924 431 983 482 ΡΖ.
1017 428 1143 470 Vom.
1173 445 1213 483 Ρ.
1232 429 1301 472 30.
1333 433 1418 476 No.
1446 435 1543 478 967.

251 522 303 530 —--
334 502 521 544 Decand.
556 502 709 544 Prodr.
737 505 794 544 II.
825 520 868 558 Ρ.
888 504 984 546 173.
1016 505 1098 544 No.
1119 504 1159 545 9.

194 575 442 630 Trigonella
475 579 706 620 ruthenica.
766 580 872 621 Falk
900 589 1061 635 topogr.
1090 582 1234 633 Beytr.
1264 585 1322 627 II.
1351 586 1547 634 No.868.

246 670 329 695 non
359 656 488 697 Linn.
518 680 576 687 ——
605 657 771 698 Sievers
799 662 843 698 in
871 658 982 698 Pall-
1015 674 1056 698 n.
1088 662 1208 699 nord.
1236 660 1377 715 Beytr.
1411 664 1520 708 VII.

76 727 188 772 Hab.
218 729 264 770 in
295 733 596 787 campestribus
627 741 671 773 et
699 735 907 775 montosis
938 734 1087 790 apricis
1116 736 1454 791 frequentissime
1476 742 1547 797 (L.

133 807 203 848 M.
235 805 309 862 Β.)
352 808 411 849 Fl.
442 809 541 850 Jun.
573 808 659 850 Jul.
723 814 787 855 21..

190 883 340 926 Planta
369 885 496 927 valde
525 886 712 935 varians,
744 886 932 928 caulibus
962 886 1182 942 prostratis
1213 895 1256 928 et
1284 889 1382 944 plus
1409 892 1551 936 minus

79 958 457 1013 adscendentibus,
489 961 819 1018 semipedalibus
849 972 892 1004 et
923 963 1224 1020 tripedalibu53
1266 967 1380 1009 foliis
1409 979 1553 1013 exacte

81 1039 278 1080 obovatis
308 1046 351 1079 et
379 1039 862 1090 obovato-linearibus,
902 1052 926 1078 a
955 1039 1098 1081 medio
1130 1041 1183 1082 ad
1220 1042 1380 1098 apicem
1418 1059 1554 1089 serra-

81 1114 164 1167 tis,
212 1115 329 1171 apice
366 1116 861 1167 truncato-emarginata
904 1130 998 1156 cum
1038 1131 1240 1158 mucrone
1278 1121 1474 1173 elongato
1513 1135 1557 1166 et

83 1191 205 1248 apice
241 1191 471 1233 trideniata
513 1200 724 1232 caeterum
764 1192 1058 1245 integerrim33
1101 1193 1228 1234 flores
1266 1198 1558 1248 magnitudine

81 1269 214 1322 variie,
254 1270 471 1322 legumina
503 1269 754 1319 subsalcata,
787 1269 935 1308 latiora
964 1271 1035 1309 vel
1064 1271 1320 1323 angustiora,
1349 1274 1443 1328 plus
1474 1278 1558 1318 mi-

81 1360 161 1388 nus
190 1347 356 1398 villosa,
389 1345 563 1386 demum
595 1353 835 1385 transverse
864 1346 1304 1388 reticulato-venosa.

193 1422 290 1464 Hae
327 1425 491 1463 formae
523 1424 662 1479 primo
703 1422 859 1462 intuitu
899 1421 1211 1463 diversissimae
1240 1424 1458 1479 videntur,
1499 1428 1559 1470 ita

86 1507 137 1541 ut
155 1501 318 1557 species
339 1499 528 1541 diversas
559 1498 732 1550 diceres,
763 1499 848 1538 nisi
879 1499 1107 1554 specimina
1137 1499 1391 1541 intermedia
1420 1511 1558 1546 trans-

85 1578 196 1620 itum
236 1580 438 1619 facerent.
507 1575 721 1617 Gmelimes
750 1573 830 1628 (ΡΖ.
861 1577 939 1616 sib.
963 1576 1046 1616 IV.
1077 1592 1120 1630 p.
1137 1576 1207 1617 24.
1231 1577 1313 1618 No.
1330 1576 1419 1632 33.)
1450 1582 1558 1623 hanc

86 1662 130 1696 et
159 1654 547 1708 Trigonellam
575 1652 932 1693 ruthenicam
959 1651 1197 1694 confudisse
1226 1653 1417 1710 videtur,
1459 1658 1560 1700 licet

85 1732 131 1773 in
161 1731 283 1773 icone
311 1739 342 1771 t.
374 1729 500 1771 VIII.
532 1731 636 1769 haec
666 1728 817 1768 ultima
847 1735 1196 1783 repraesentatur,
1224 1743 1332 1785 quae
1361 1733 1484 1775 nobis
1512 1734 1560 1775 in

85 1809 206 1850 hisce
233 1807 480 1861 regionibus
510 1819 727 1866 nunquam
757 1805 882 1845 obvia
911 1805 1006 1846 fuit.

442 1889 486 1939 2)
534 1886 770 1928 MEDICAGO
803 1899 1035 1927 LUPULINA.
1079 1886 1213 1930 Linn.'

89 1968 158 2017 M.
192 1964 419 2025 biennis,
455 1966 599 2013 caule
636 1964 1022 2027 procumbente,
1057 1962 1192 2012 foliis
1223 1965 1458 2027 ternatis,
1492 1966 1562 2015 fo-

158 2053 294 2104 liolis
329 2053 556 2101 obovatis
597 2050 944 2100 obcordatisve
989 2066 1140 2113 supra
1184 2052 1412 2102 medium
1447 2054 1562 2102 den-

159 2142 306 2202 tatis,
338 2141 535 2205 stipulis
572 2139 862 2188 lanceolatis
896 2137 1325 2198 subdenticulatis,
1359 2142 1562 2190 floribus

159 2228 673 2293 racemoso-spieatis
706 2226 1009 2275 brevissime
1053 2227 1383 2289 pedicellatis,
1427 2229 1562 2293 legu-

162 2318 388 2369 minibus
422 2316 789 2366 reniformibus
834 2315 1360 2365 arcuato-reticulatis
1393 2330 1563 2363 mono*

162 2404 395 2472 spermis.

210 2492 274 2536 Μ.
304 2490 516 2547 lupulina.
574 2491 703 2531 Linn.
739 2490 885 2532 Willd.
915 2491 1035 2545 Spec.
1064 2493 1126 2546 pl.
1157 2489 1243 2528 III.
1274 2504 1320 2542 Ρ.
1352 2485 1479 2530 1406.
1510 2512 1568 2520 -

264 2569 456 2609 Decand.
485 2566 641 2608 Prodr.
672 2568 731 2608 II.
759 2585 808 2622 Ρ.
837 2567 932 2608 172.
964 2568 1045 2606 No.
1076 2566 1116 2605 6.
1150 2588 1201 2594 —
1244 2563 1418 2619 Spreng.
1449 2564 1563 2618 Syst.

271 2660 365 2697 veg.
397 2643 485 2683 III.
523 2659 570 2697 Ρ.
595 2643 696 2685 286.
735 2643 818 2684 No.
854 2642 921 2684 10.
951 2665 1007 2674 -
1061 2641 1128 2681 M.
1161 2657 1187 2680 a
1216 2640 1331 2681 Bieb.
1362 2640 1424 2682 Fl.
1456 2648 1564 2681 ianr.

276 2735 394 2762 caue.
425 2720 486 2759 ΙΙ.
514 2735 559 2773 p.
591 2719 688 2760 226.
721 2721 802 2759 No.
838 2719 974 2769 15503
1012 2718 1088 2758 Ill.
1117 2734 1162 2772 Ρ.
1195 2715 1292 2760 517.
1323 2740 1377 2748 -
1421 2717 1567 2759 Bes-ser

276 2799 361 2838 En.
391 2801 450 2852 pl.
485 2796 612 2839 Vollz.
642 2813 684 2851 Ρ.
714 2796 784 2838 30.
816 2797 895 2837 Ne.
920 2793 1014 2836 968.
