1648 2989
146 141 239 190 142
512 137 589 187 Cl.
626 138 735 187 ΧΨ.
803 134 1213 199 Tetradynamia.

142 263 315 317 gracilis,
346 261 568 302 filiformis.
617 260 823 312 Stigma
854 258 1173 312 subcapitatum‚
1204 256 1454 300 indivisum.
1506 259 1593 301 Si-

140 343 295 395 liqua
325 340 568 378 submatura
601 337 863 388 glaberrima,
893 335 1182 383 teretiuscula,
1211 334 1450 389 polliceris,
1482 343 1595 376 stru-

140 425 254 457 ctura
283 415 345 455 uti
374 415 416 454 in
448 412 490 455 S.
521 413 872 468 ’toxophyllm

306 500 352 555 9)
399 502 679 544 SISYMBRIUM
710 514 1049 541 TOXOPHYLLUM.
1097 499 1142 541 C.
1176 498 1235 541 A.
1267 500 1429 554 DIeyer.

141 583 189 632 S.
226 580 352 646 pube
391 580 582 626 stellata
617 579 867 634 scabrum,
904 579 1046 624 caule
1084 587 1261 636 erecto,
1299 578 1432 624 foliis
1464 575 1593 623 radi-

205 667 395 716 calibus
441 666 661 729 oblongis
707 665 979 727 petiolatis,
1024 662 1593 723 subsinuato-dentati53

203 753 416 804 caulinis
451 751 826 799 sublanceolatis
860 751 1109 815 sagittatis
1144 749 1594 815 subintegerrimis,

204 842 378 905 petalis
414 841 587 903 calyce
633 847 794 886 erecto
831 837 975 900 duplo
1012 837 1345 901 longioribus,
1382 839 1591 903 pedicel-

201 929 263 976 lis
296 926 632 984 filiformibus,
668 924 863 987 siliquis
901 924 1087 988 glabris
1126 925 1319 973 erectis.

247 1013 292 1055 S.
324 1013 634 1067 toxophyllum.
693 1013 847 1054 Ledeb.
886 1012 946 1052 Ic.
982 1013 1043 1065 pl.
1075 1009 1138 1053 Ft.
1183 1027 1285 1053 ross.
1327 1014 1400 1053 alt.
1439 1013 1588 1053 illustr.

300 1098 331 1131 t.
360 1087 458 1129 201.

245 1163 396 1208 Arabis
439 1161 702 1218 toxophylla.
762 1163 833 1204 M.
866 1180 890 1204 α
921 1163 1038 1204 Bieb.
1083 1159 1145 1204 Fl.
1191 1169 1301 1203 taur.
1347 1179 1463 1205 caue.
1508 1165 1589 1205 III.

294 1256 338 1295 p.
369 1238 468 1280 448.
511 1261 569 1267 --
625 1240 726 1280 Deo.
759 1241 873 1294 Syst.
921 1248 1006 1280 nat.
1052 1239 1112 1280 II.
1159 1255 1201 1292 p.
1232 1239 1332 1281 220.
1375 1262 1432 1269 —
1489 1241 1587 1281 Dec.

298 1315 450 1356 Prodr.
483 1316 517 1356 Ι.
547 1331 589 1369 p.
624 1313 720 1356 143.
764 1338 810 1345 ·—
856 1317 1031 1371 Spreng.
1060 1316 1173 1371 Syst.
1203 1331 1295 1369 veg.
1326 1317 1387 1357 II.
1415 1333 1458 1371 p.
1488 1315 1588 1358 889.

129 1393 239 1434 Hah.
268 1390 311 1431 in
343 1390 524 1431 dumetis
555 1390 605 1431 ad
635 1392 678 1432 fl.
714 1391 864 1432 Bekun
906 1390 1036 1446 (M),
1078 1407 1207 1448 prope
1237 1393 1590 1435 metallisodinam

186 1467 427 1509 Loktevvsk
457 1466 661 1520 (Gebler).
692 1487 750 1497 ——
778 1467 844 1508 Fl.
875 1466 1006 1519 Majo.
1056 1465 1139 1513 Il?

244 1542 291 1586 S.
334 1541 680 1582 mollissimo
728 1557 811 1582 non
852 1541 1081 1591 dissimile,
1127 1541 1228 1583 satis
1265 1547 1416 1583 tamen'
1447 1543 1587 1585 differt

130 1619 240 1676 pube
271 1630 364 1658 rara
394 1618 558 1657 minuta
589 1619 754 1657 stellata
783 1618 994 1673 adpressa,
1031 1634 1106 1658 nec
1136 1619 1325 1670 floccosa‚
1357 1633 1491 1674 neque
1520 1621 1585 1676 pi—

130 1697 184 1736 lis
215 1694 469 1748 simplicibus
501 1693 706 1745 elongatis
738 1695 1008 1746 intermixta,
1049 1697 1163 1735 caule
1193 1696 1308 1750 apice
1340 1711 1432 1736 cum
1463 1697 1589 1752 pedi-—

129 1769 244 1812 cellis
274 1769 549 1822 glaberrimo‚
577 1770 749 1810 floribus
778 1770 905 1825 duplo
938 1772 1117 1826 triplove
1148 1772 1395 1824 majoribus,
1426 1774 1587 1828 petalo-

128 1861 223 1888 rum
253 1846 411 1885 lamina
439 1852 610 1900 patente
649 1847 854 1898 obovata,
895 1848 1002 1900 stylo
1042 1848 1292 1889 brevissimo
1329 1849 1433 1898 (vix
1466 1850 1583 1900 ullo)

127 1920 311 1964 crassitie
340 1921 531 1975 siliquam
561 1927 783 1975 aequante.

239 1996 487 2051 Comparavi
526 1996 738 2051 specimen
777 1998 820 2038 in
851 1997 1004 2039 Rossia
1034 1996 1270 2040 australiori
1298 1997 1454 2040 lectum
1485 2014 1580 2041 cum

126 2069 421 2129 speciminibus
451 2069 612 2112 altaicis
638 2079 681 2112 et
710 2074 897 2128 plantam
925 2076 988 2114 ill.
1019 2076 1088 2115 M.
1118 2091 1144 2115 α
1167 2075 1283 2116 Bieb.
1315 2087 1410 2115 cum
1439 2085 1579 2117 nostra

125 2149 273 2190 altaica
303 2145 483 2188 eandem
511 2158 616 2199 esse,
650 2161 734 2188 non
765 2157 841 2201 est,
872 2151 982 2206 quod
1014 2151 1191 2208 dubites.

233 2222 412 2265 Radix
441 2223 618 2275 gracilis,
649 2223 919 2278 descendens,
949 2227 1196 2273 flavescens,
1225 2232 1271 2264 ut
1291 2224 1472 2278 videtur,
1502 2241 1578 2282 pe-

122 2299 279 2342 rennis.
338 2297 530 2339 caules
559 2312 614 2339 ex
643 2312 726 2339 una
756 2300 896 2340 radice
925 2301 1103 2341 solitarii
1131 2302 1201 2342 vel
1231 2300 1392 2355 plures,
1434 2303 1574 2355 erecti,

122 2378 370 2432 plerumque
397 2373 578 2427 ramosi,
616 2376 752 2416 rarius
781 2375 1108 2431 simplicissimi,
1152 2377 1321 2432 pedales
1349 2379 1420 2419 vel
1451 2380 1577 2418 altio-
1636 2411 1641 2417 „

122 2465 210 2502 res,
252 2450 385 2491 rarius
415 2450 687 2503 humiliores,
730 2453 915 2493 crassitie
944 2450 1007 2491 fili
1036 2454 1302 2508 emporedci,
1333 2454 1448 2508 apice
1479 2469 1571 2495 cum

121 2525 335 2581 pedicellis
365 2524 618 2578 glaberrimi‚.
644 2540 790 2567 versus
823 2528 941 2567 basin
970 2528 1081 2583 pube
1109 2529 1273 2569 minuta
1303 2531 1466 2569 stellata
1498 2531 1573 2570 ada

122 2615 263 2657 pressa
294 2599 526 2656 copiosiore
555 2602 624 2642 vel
653 2603 840 2657 parciore
871 2601 932 2656 (in
963 2604 1257 2658 speciminibus
1287 2607 1570 2657 vegetioribus

121 2678 196 2717 vix
225 2676 327 2731 ulla)
357 2674 558 2732 adspersi.
602 2673 718 2718 Inter
746 2677 924 2734 petiolos
953 2681 1151 2721 soliorum
1179 2682 1422 2721 infimorum
1444 2695 1570 2737 saepe

122 2752 239 2792 adest
275 2754 430 2805 lanugo
467 2753 608 2795 mollis
636 2754 730 2794 alba
761 2755 965 2808 elongata.
1022 2754 1174 2796 Rami
1211 2763 1382 2808 tenues,
1427 2759 1562 2808 erecti,
