1648 2989
146 144 242 193 144
521 137 597 187 Cl.
635 139 743 187 XV.
812 136 1220 199 Tetradynamia.

167 306 169 309 Α
208 263 517 328 oblongisve3
554 261 766 310 caulinis
793 256 1386 320 semiamplexicaulibus,
1423 259 1596 321 petalis

209 354 384 416 calyce
419 349 744 398 erectiusoulo
780 346 923 409 duplo
966 343 1299 409 longioribus,
1341 344 1595 408 pedicellis

208 437 545 495 filiformibus,
580 434 772 496 siliquis
807 431 1205 494 erecto-patulis.

255 532 302 575 S.
338 530 619 586 halophilum.
679 530 833 569 Ledeb.
864 528 925 568 Ic.
968 529 1027 580 pl.
1062 527 1126 567 -Ft,
1173 541 1278 567 ross.
1325 528 1398 566 alt.
1444 527 1594 565 illustr.

307 616 340 650 t.
370 606 469 649 2¹70.

140 698 248 739 Hah.
280 697 323 738 in
354 698 455 738 locis
485 693 800 736 limoso-salsis
830 690 1017 732 humidis
1047 690 1206 732 deserti
1234 689 1598 743 soongoro—kirg-

201 774 321 814 hisici
342 771 609 813 occidentalis
627 778 739 810 trans
762 769 804 810 ss.
827 767 1003 820 Irtysch,
1029 769 1104 808 sub
1127 768 1256 807 finem
1276 766 1379 806 Julii
1407 769 1598 822 plerum-

200 864 280 905 que
309 848 560 889 defloratum
589 854 633 887 et
661 847 861 886 fructibus
892 844 1068 885 maturis
1100 851 1300 884 onustum
1331 841 1439 896 (M.)
1473 840 1551 886 2ιῖ

253 937 499 979 Admodum
529 936 653 976 affine
683 935 725 977 S.
758 934 1069 986 salsugineo
1098 934 1228 985 Pan„
1264 933 1377 973 notis
1416 946 1599 986 sequen-

143 1014 253 1054 tibus
282 1022 424 1054 tamen
454 1015 554 1054 satis
585 1013 851 1063 distinctum,
898 1010 942 1062 1)
972 1011 1179 1051 fasciculis
1209 1010 1412 1050 foliorum
1441 1007 1599 1048 radica-

142 1091 249 1130 lium
279 1089 330 1129 ad
359 1091 487 1129 latera
519 1089 816 1140 cauliculorum
845 1087 1127 1128 florifer-orum
1159 1094 1200 1127 et
1237 1086 1545 1126 fructiferorum
1577 1099 1599 1122 e

142 1165 280 1207 radice
310 1165 626 1215 enascentibus,
668 1178 795 1220 quam
835 1165 887 1203 ob
930 1178 1020 1204 rem
1058 1163 1177 1203 illam
1214 1164 1353 1202 forsan
1391 1161 1599 1200 triennem

143 1242 214 1282 vel
252 1254 481 1297 perennem
521 1239 759 1293 crederem,
800 1241 845 1280 111
887 1242 931 1283 S.
962 1239 1291 1290 salsugineo
1329 1236 1450 1277 radix
1491 1245 1600 1276 certe

143 1331 282 1357 annua
313 1318 381 1358 vel
412 1316 574 1357 biennis
606 1325 647 1356 et
677 1318 776 1356 solia
808 1315 1004 1356 radicalia
1033 1317 1075 1355 in
1107 1316 1253 1371 planta
1281 1314 1458 1354 florente
1487 1326 1601 1353 sem-

142 1407 216 1448 per
245 1391 464 1433 emarcida.
523 1389 570 1445 2)
613 1393 797 1432 caulibus
829 1407 882 1432 ex
914 1406 996 1432 una
1027 1390 1166 1430 radice
1196 1404 1363 1446 semper
1393 1390 1599 1444 plurimis,

144 1467 496 1522 adsurgentibusr,
550 1468 595 1507 in
635 1467 679 1507 S.
721 1468 1037 1519 salsugineo
1080 1467 1220 1506 caules
1257 1479 1423 1520 semper
1463 1466 1602 1506 stricte

145 1544 297 1593 erecti,
326 1543 516 1584 solitarii.
577 1541 717 1590 (Inter
745 1543 973 1598 specimina
1013 1543 1182 1594 triginta
1214 1542 1283 1583 vel
1320 1544 1461 1597 plura,
1503 1543 1603 1582 uui-

146 1633 242 1660 cum
270 1626 438 1659 tantum
468 1618 677 1673 specimen
709 1618 949 1658 multicaule
978 1618 1241 1668 invenimus,
1275 1618 1318 1656 in
1351 1632 1433 1672 quo
1463 1618 1598 1668 radix,

144 1696 239 1736 loco
268 1695 396 1735 caulis
426 1694 613 1749 primarii
638 1709 670 1736 5.
692 1694 882 1734 centralis
904 1693 1067 1749 depasti
1097 1695 1165 1734 vel
1192 1694 1273 1732 alio
1297 1693 1482 1748 quodam
1505 1708 1598 1734 casu

143 1769 318 1810 fortuito
349 1768 566 1821 destructi,
606 1772 745 1824 plures
778 1771 915 1810 caules
947 1772 1137 1810 laterales
1168 1769 1348 1823 emisit.)
1389 1767 1436 1824 3)
1473 1771 1600 1822 foliis,

145 1845 391 1900 praesertim
418 1845 679 1897 radicalibus‚
711 1848 959 1901 plerumque
990 1845 1180 1896 dentatis,
1212 1845 1391 1886 sinuatis
1419 1845 1602 1899 pinnati-

144 1920 320 1971 fidisve‚
362 1921 495 1961 rarius
523 1921 832 1974 integerrimis,
870 1922 914 1961 in
946 1922 991 1963 S.
1024 1922 1347 1973 salsugineo
1389 1922 1602 1962 rarissime

147 1994 430 2049 denticulatis,
465 1997 715 2052 plerumque
743 1997 1036 2050 integerrimis.
1095 1997 1141 2047 4>
1172 1999 1368 2039 auriculis
1403 1998 1603 2038 foliorum

148 2072 410 2113 caulinorum
440 2074 575 2113 multo
604 2074 862 2126 minoribus,
893 2088 977 2114 non
1007 2087 1099 2114 raro
1131 2074 1352 2114 subnullis.
1410 2075 1456 2120 5>
1485 2074 1604 2113 flori-

147 2148 225 2187 bus
256 2145 383 2201 duplo
413 2149 501 2187 fere
530 2150 773 2202 majoribus,
802 2151 1037 2205 petalorum
1068 2149 1227 2188 lamina
1250 2149 1383 2200 magis
1409 2148 1600 2200 dilatata,

148 2224 338 2263 obovata.
397 2222 443 2271 6)
473 2222 771 2279 dissepimento
801 2239 968 2279 semper
994 2224 1166 2276 enervi3
1208 2224 1252 2263 in
1284 2223 1330 2265 S.
1360 2225 1600 2276 salsugi-

147 2312 247 2338 neo
275 2298 485 2341 uninervi.
543 2298 722 2341 Radix
752 2298 981 2356 perennis?
1011 2300 1083 2340 vel
1110 2299 1321 2340 triennis?
1349 2300 1600 2350 flavescens,

149 2373 420 2415 descendens.
479 2374 647 2415 Herba
689 2376 958 2427 glaberrima,
1000 2375 1159 2426 glauca.
1222 2374 1422 2417 Caules
1460 2377 1601 2432 plures

149 2462 203 2489 ex
233 2464 315 2490 una
344 2450 502 2502 radioe3
533 2452 632 2506 poll.
664 2450 804 2492 3—5
832 2451 970 2502 longi,
1009 2458 1180 2503 tenues,
1211 2446 1502 2504 adsurgentes,
1535 2466 1602 2492 ra-

148 2526 280 2565 mosi:
324 2526 453 2568 ramis
482 2529 736 2583 patentibus.
797 2526 951 2567 Folia
975 2525 1283 2577 fasciculorum
1320 2531 1520 2569 sterilium
1549 2527 1600 2567 ad

150 2600 264 2639 basin
297 2603 595 2644 cauliculorum
622 2602 905 2644 floriferorum
933 2604 1004 2644 vel
1032 2604 1347 2645 fructiferorum
1375 2603 1598 2659 petiolata:

149 2680 300 2727 petiole
317 2680 411 2733 plus
433 2679 627 2720 minusve
656 2680 877 2731 elongato,
907 2682 1064 2720 lamina
1092 2681 1273 2722 obovata
1302 2681 1374 2722 vel
1404 2680 1600 2731 oblonga,

152 2750 322 2803 obtusa,
364 2753 473 2795 nunc
499 2755 576 2797 lin.
608 2753 637 2797 8
665 2754 822 2797 circiter
856 2756 1008 2808 longa,
1048 2755 1125 2798 lin.
1154 2755 1296 2796 4-5
1337 2757 1444 2809 lam3
1489 2771 1599 2795 nunc
