1648 2989
101 102 169 145 70
485 95 560 144 Cl.
598 96 707 147 XV.
777 98 1186 164 Tetradynamia.

173 221 414 286 gioribus,
451 217 664 268 siliculis
696 221 1181 287 oblongo-ellipticis
1217 224 1402 288 glabris
1437 225 1566 289 pedi-

174 309 298 356 cello
343 307 650 372 glaberrimo
696 308 1040 369 brevioribus,
1084 311 1213 375 stylo
1254 311 1421 372 brevi,
1467 330 1568 361 sar-

174 395 359 443 mentis
394 394 597 443 tandem
638 395 881 459 elongatis
916 396 1274 445 radicantibus.

223 480 278 522 D.
310 496 474 537 repens.
533 483 601 523 M.
638 499 664 522 a
700 482 818 521 Bteb.
859 482 922 524 Fl.
967 492 1078 525 taur.
1115 499 1231 526 caue.
1266 485 1327 524 ΙΙ.
1361 500 1407 539 p.
1440 484 1494 525 93
1535 493 1574 526 et

278 558 361 598 III.
389 574 434 612 P·
465 555 565 598 42¹7.
596 561 723 608 (θοι-οἷ.
757 573 848 612 syn.
861 558 903 609 2’)
933 582 990 588 -
1017 560 1117 600 Dec.
1150 561 1302 601 Prodr.
1333 561 1372 601 I.
1399 577 1443 615 Ρ.
1477 559 1572 602 168.

275 658 333 664 —-
355 635 453 674 Dec.
487 635 601 688 Syst.
631 643 717 676 nat.
748 636 805 675 II.
837 651 883 690 p.
912 634 1012 676 338.
1045 658 1100 666 -
1127 636 1304 690 Spreng.
1336 637 1450 690 Syst.
1483 651 1574 689 veg.

279 711 339 749 ΙΙ.
380 726 424 764 p.
455 709 554 752 873.
596 736 650 743 —-
708 711 865 752 Ledeb.
896 712 961 753 Ic.
989 711 1055 767 pl.
1085 712 1149 755 Fl.
1186 726 1290 753 ros-3.
1322 715 1395 755 alt.
1426 715 1572 754 illustr.

280 795 310 826 t.
342 783 439 829 145.

113 861 219 901 Hah.
251 861 297 901 in
325 863 429 902 locis
468 861 658 902 herbidis
688 863 901 904 montium
932 865 1127 919 frequens
1159 860 1231 917 (L.
1263 861 1337 917 Β.)
1365 863 1408 903 in
1440 870 1577 904 scatu-

166 937 364 990 riginosis
404 945 445 979 et
481 937 532 978 ad
573 940 720 987 fontes
755 954 905 980 versus
946 956 1145 981 cacumen
1186 940 1402 980 montium
1439 939 1578 980 Kurt-

168 1015 340 1066 schum,
380 1029 458 1055 nec
494 1029 577 1055 non
619 1016 661 1055 in
701 1016 803 1056 locis
845 1018 1023 1072 petrosis
1053 1017 1263 1056 montium
1294 1016 1399 1055 circa
1430 1018 1579 1056 castel-

167 1090 260 1130 lum
289 1090 632 1132 Alexandrowsk
661 1091 781 1142 (M).
814 1114 871 1121 -
911 1093 973 1133 Fl.
1007 1093 1169 1148 Aprili,
1202 1092 1335 1144 majo,
1364 1091 1579 1133 interdum

167 1166 323 1207 iterum
353 1168 521 1219 (saltem
550 1167 594 1206 in
623 1169 780 1222 hortis)
809 1176 1062 1209 autumnum
1092 1182 1253 1209 versus.
1316 1172 1381 1213 ΖΙ..

226 1241 280 1284 D.
315 1242 621 1283 tridentata
651 1245 746 1285 Dec,
778 1244 1009 1301 (hispida
1038 1245 1104 1285 M.
1139 1261 1164 1284 α
1194 1245 1330 1292 Βῐεῦ.)
1356 1258 1378 1283 a
1411 1243 1463 1284 D.
1496 1258 1582 1284 re-

114 1326 284 1373 pente
313 1320 436 1359 facile
467 1318 725 1371 dignoscitur
753 1322 1055 1376 propaginibus
1087 1322 1160 1361 vix
1192 1321 1288 1361 ullis
1319 1322 1581 1362 brevissimis

116 1395 288 1451 (planta
327 1398 471 1436 forsan
501 1409 643 1436 annua
676 1397 745 1436 vel
776 1398 987 1449 biennis),
1029 1397 1161 1452 scapis
1201 1397 1355 1448 glabris
1385 1411 1461 1436 nec
1493 1412 1580 1439 uon

116 1472 229 1511 foliis
251 1473 502 1527 plerumque
527 1471 722 1512 dentatis.
766 1471 943 1513 Draba
976 1471 1214 1514 Gmelini
1242 1473 1410 1516 Adams
1431 1474 1582 1524 (Mem.

119 1549 193 1588 des
222 1548 326 1588 Nat.
358 1554 409 1588 de
436 1548 577 1587 DIosc.
602 1547 663 1589 V.
690 1563 734 1602 P·
752 1547 872 1599 107.)
905 1558 1046 1590 autem
1076 1563 1100 1589 a
1129 1548 1185 1590 D.
1217 1556 1441 1604 repente
1469 1549 1583 1590 haud

117 1622 439 1676 distinguenda3
470 1638 608 1679 neque
631 1624 859 1679 specimina
889 1626 1090 1677 lenensia,
1123 1640 1228 1681 quae
1248 1625 1350 1676 vidi,
1381 1638 1404 1664 a
1427 1627 1582 1666 nostris

117 1700 419 1755 speciminibus
451 1700 756 1755 copiosissimis
786 1702 947 1743 altaicis
989 1701 1201 1742 differunt.
1262 1701 1476 1742 Surculi
1506 1716 1582 1743 va-

117 1776 230 1817 riant
259 1790 335 1832 pro
364 1777 457 1816 loco
486 1778 617 1816 natali
648 1785 689 1817 et
719 1792 796 1833 pro
828 1779 996 1833 plantae
1027 1785 1187 1830 aetate3
1225 1777 1270 1817 in
1301 1778 1405 1817 locis
1435 1778 1582 1819 siccio-

117 1852 235 1893 ribus
265 1860 306 1893 et
336 1853 513 1902 saxosis,
543 1853 735 1908 inprimis
765 1855 902 1909 primo
932 1869 1058 1903 vere,
1091 1855 1244 1894 surculi
1271 1855 1386 1893 enim
1416 1856 1579 1906 breves,

117 1929 212 1983 plus
242 1929 442 1970 minusve
471 1929 622 1980 erecti,
660 1928 864 1970 radicibus
895 1930 1079 1971 destituti
1109 1939 1234 1982 sunt3
1274 1931 1316 1970 in
1348 1932 1450 1971 locis
1480 1945 1581 1972 vero

117 2004 390 2046 fertilioribus
433 2004 623 2046 humidis
661 2008 703 2045 et
740 2008 985 2061 praesertim
1028 2015 1184 2048 aestate
1222 2008 1292 2047 vel
1329 2014 1582 2049 autumnum

116 2093 264 2122 versus
294 2081 449 2137 surculi
479 2081 525 2121 hi
554 2082 792 2134 longissimi
821 2085 1019 2138 prostrati
1050 2083 1237 2125 evadunt
1273 2082 1479 2123 radiculas
1511 2085 1582 2124 in-

117 2169 316 2197 numeras
347 2157 656 2212 protrudentes.
717 2159 872 2200 Folia
903 2174 980 2200 nec
1007 2161 1050 2200 in
1083 2159 1136 2200 D.
1171 2158 1414 2200 Gmelini
1444 2158 1579 2214 (conf.

115 2232 168 2274 ic.
201 2234 324 2273 citata
357 2232 486 2274 Gmel.
514 2234 576 2275 Fz.
606 2236 684 2276 sib.
715 2235 797 2276 III.
831 2244 860 2276 t.
895 2237 960 2276 56.
983 2235 1028 2286 f.
1059 2237 1129 2286 2.)
1161 2250 1297 2290 neque
1327 2237 1374 2275 in
1403 2235 1459 2279 D.
1491 2251 1582 2277 re-

116 2315 280 2364 pente
310 2309 543 2350 lanceolata
574 2318 695 2361 sunt,
736 2310 809 2351 sed
848 2319 994 2352 exacte
1025 2314 1226 2363 oblonga,
1268 2326 1378 2351 nunc
1417 2314 1579 2365 latiora,

116 2398 229 2425 nunc
269 2385 507 2436 angustiora
549 2383 653 2439 (lin.
690 2386 713 2427 1
739 2410 797 2418 —--
820 2387 847 2429 3
877 2383 1008 2438 lata),
1053 2389 1244 2428 breviora
1282 2389 1353 2429 vel
1392 2389 1582 2440 longiora

117 2458 284 2514 (4—8,
314 2462 388 2501 lin.
417 2461 591 2514 longa),
635 2476 802 2518 semper
836 2471 978 2504 tamen
1003 2465 1128 2504 basin
1163 2477 1311 2504 versus
1340 2471 1579 2519 attenuata3

115 2536 160 2576 in
189 2538 331 2592 planta
364 2537 495 2589 culta,
533 2539 671 2592 primo
711 2554 835 2592 vere,
874 2539 1087 2580 interdum
1118 2539 1329 2580 denticulo
1360 2555 1445 2581 uno
1474 2540 1582 2581 duo-

117 2613 248 2654 busve
278 2620 442 2666 notata;
483 2614 821 2666 setulis·2—3‚
852 2616 987 2656 immo
1015 2615 1252 2672 4-partitis
1282 2617 1392 2668 (vel,
1423 2617 1458 2657 si
1487 2631 1580 2657 ma-

115 2687 207 2739 vis,
247 2689 396 2730 setulis
433 2689 483 2741 2,
517 2689 569 2742 3,
608 2689 638 2730 4
673 2691 931 2746 simplicibus
961 2705 1015 2732 ex
1047 2707 1130 2733 uno
1160 2674 1394 2747 eodemque
1423 2700 1579 2747 puncto

117 2762 253 2813 ortis)
280 2764 377 2819 plus
408 2765 606 2811 minusve
635 2765 814 2823 hispida.
872 2768 1036 2825 Scapi
1066 2757 1288 2810 altitudine
1318 2767 1382 2821 1}
1400 2771 1502 2825 poll.
1533 2777 1578 2810 et
