1648 2989
134 112 242 163 284
538 104 616 159 Cl.
651 108 808 159 XVII.
879 109 1194 173 Diadelphia.

193 249 292 292 pam
319 233 366 278 fl.
395 232 559 288 Irtysch
590 231 662 289 (L.
694 231 799 289 M.)‚
829 247 961 288 prope
990 231 1203 274 Riddersk
1235 235 1344 286 (L),
1376 233 1420 274 in
1449 233 1597 274 insulis

192 313 236 353 fi.
267 312 453 363 Tschuja
483 308 592 362 (B.).
642 309 706 351 Fl.
737 323 813 365 per
840 316 975 350 totam
1005 316 1222 351 aestatem.
1286 315 1348 356 22..

251 388 400 430 Planta
427 388 537 427 mire
565 387 749 426 varians.
807 384 989 426 Radix
1026 387 1276 441 plerumque
1307 388 1444 426 caules
1474 384 1598 425 emit-

138 463 193 503 tit
220 465 614 514 numerosissimos,
654 463 749 516 plus
780 462 850 502 vel
878 461 1020 501 minus
1060 463 1302 514 elongatos,
1342 469 1501 502 erectos
1530 461 1600 501 vel

138 538 464 592 adscendentes3
493 543 721 579 exteriores
741 538 874 578 immo
897 545 1042 578 exacte
1059 540 1394 593 procumbentes,
1414 538 1603 594 plerum-

140 629 224 669 que
254 615 452 671 simplicis
481 616 552 656 vel
580 615 715 654 rarius
745 628 864 655 ramo
894 629 979 655 uno
1017 616 1202 655 alterove
1232 628 1380 670 parum
1409 616 1602 666 elongato

139 699 299 732 auctos,
357 690 519 732 Folia
549 691 793 742 multijuga:
822 692 990 742 foliolis
1026 692 1241 743 oblongis,
1286 691 1504 732 latioribus
1533 691 1604 730 vel

139 766 479 820 angustioribus,
517 767 575 806 ita
613 775 659 806 ut
688 765 816 807 modo
855 768 1227 819 ovato-oblonga,
1271 767 1398 808 modo
1433 765 1606 806 lineari-

140 844 323 895 oblonga
351 842 636 883 inveniantur.
699 843 955 897 Stipulae
988 843 1097 882 cauli
1127 857 1203 882 nec
1232 843 1389 898 petiolo
1412 841 1604 890 aduenae,

138 920 363 961 inferiores
392 918 571 959 subinde
598 919 711 958 inter
739 932 786 959 se
814 925 1035 969 connatae,
1063 916 1262 960 videntur
1281 919 1606 975 oppositifoliae.

139 994 351 1036 Racemi
379 995 562 1036 laxiores
592 995 665 1034 vel
694 992 932 1045 densiores,
972 993 1147 1034 demum
1176 995 1358 1046 elongati
1387 1002 1430 1035 et
1458 995 1608 1035 solium

141 1070 321 1127 duplum
357 1071 475 1123 longi
507 1072 580 1111 vel
618 1070 847 1122 longiores.
913 1069 1104 1111 Flores
1142 1069 1335 1121 7-—25,
1374 1070 1500 1112 modo
1542 1071 1610 1110 in-

139 1154 281 1199 tense,
310 1146 440 1187 modo
468 1145 624 1202 pallide
645 1146 837 1199 violacei,
867 1147 1003 1187 immo
1028 1147 1111 1187 albi
1132 1150 1370 1202 (nunquam
1391 1160 1495 1187 vero
1515 1160 1614 1201 pur-

139 1224 571 1277 purascenti-roseos
588 1221 809 1274 vidimus),
839 1223 1131 1275 magnitudine
1150 1222 1276 1266 valde
1305 1223 1481 1264 variant.
1521 1221 1608 1263 Nec

141 1299 288 1338 minus
317 1300 456 1340 variat
484 1299 728 1355 superficies
760 1300 888 1339 totius
919 1300 1102 1354 plantae,
1133 1314 1240 1356 quae
1268 1299 1397 1340 modo
1427 1299 1611 1340 subviri-

142 1374 235 1425 dis,
262 1377 376 1430 pube
405 1377 655 1417 tenuissima
684 1374 890 1426 obducta,
921 1374 1050 1417 modo
1079 1376 1252 1427 incana,
1282 1374 1410 1416 modo
1440 1376 1609 1425 sericea,

142 1451 279 1492 immo
308 1452 406 1507 pilis
436 1452 543 1492 albis
572 1452 712 1504 longis
740 1452 984 1508 patentibus
1015 1459 1080 1493 sat
1109 1451 1240 1493 dense
1269 1452 1406 1492 obsita
1436 1458 1515 1492 est.

258 1528 439 1580 Singula
484 1527 700 1568 variarum
745 1530 979 1568 formarum
1025 1528 1255 1583 specimina
1297 1527 1489 1568 habitum
1527 1541 1612 1566 non

144 1619 239 1647 raro
268 1611 359 1644 tam
387 1602 607 1644 diversum
642 1602 849 1655 induunt,
888 1611 937 1644 ut
964 1604 1104 1660 specie
1131 1605 1242 1645 inter
1270 1618 1317 1645 se
1347 1602 1517 1644 differre
1547 1607 1612 1642 vi·-

144 1680 340 1722 deantur.
398 1678 510 1720 Sunt
537 1687 681 1719 autem
710 1678 940 1735 specimina
968 1681 1216 1733 innumera,
1256 1693 1363 1736 quae
1387 1679 1611 1720 transitum

146 1757 457 1799 demonstrant.
485 1778 544 1786 —
601 1754 667 1795 De
698 1769 937 1809 synonymo
966 1756 1208 1797 Pallasiano
1239 1771 1289 1797 eo
1319 1756 1460 1796 minus
1490 1755 1611 1796 dubi-

145 1839 239 1873 tare
268 1834 381 1884 licet,
412 1846 544 1887 quum
563 1832 721 1887 planta,
753 1830 806 1872 de
829 1845 909 1887 qua
933 1833 1111 1886 agimus,
1141 1834 1187 1873 in
1217 1840 1365 1884 tractu,
1396 1846 1522 1887 quem
1549 1834 1610 1872 iu.

147 1910 257 1951 Pan.
287 1908 580 1960 Astragali
620 1906 943 1948 floribundi
972 1908 1152 1964 patriam
1183 1908 1299 1961 dicit,
1329 1909 1516 1949 maxima
1543 1924 1615 1950 co-

148 1985 221 2043 pia
249 1985 448 2042 provenit
477 1990 520 2024 et
547 1998 623 2040 per
651 1990 783 2025 totam
813 1991 1020 2024 aestatem
1047 1985 1224 2026 floribus
1254 1992 1402 2025 onusta
1430 1992 1510 2027 est.

484 2067 530 2122 b)
573 2071 687 2108 caule
715 2069 957 2109 abbreviato
986 2072 1054 2110 vel
1079 2072 1282 2110 subnullo.

457 2141 529 2198 13)
589 2143 845 2186 Oxmnons
885 2159 1184 2186 BREv1cAUL1s.
1242 2161 1297 2186 m.

154 2220 210 2270 O.
244 2219 530 2269 caulescens
566 2229 733 2269 erecta
777 2221 1087 2280 subsericea,
1135 2223 1276 2269 caule
1312 2220 1615 2281 abbreviato,

217 2305 355 2355 foliis
390 2305 653 2366 confertis,
696 2307 892 2371 stipulis
927 2308 1108 2372 petiole
1145 2309 1338 2358 adnatis
1373 2310 1614 2357 lanceola-

220 2393 288 2441 tis
333 2393 636 2441 acuminatis
682 2393 896 2453 ciliatis,
944 2394 1129 2443 foliolis
1172 2396 1617 2459 ovato-oblongis,

218 2479 512 2546 pedunculis
557 2479 673 2527 solio
718 2480 863 2543 duplo
908 2483 1240 2549 longioribuS,
1286 2483 1504 2530 racemis
1540 2484 1617 2529 ‹le-

219 2582 368 2616 mum
409 2568 676 2633 elongatis,
720 2567 936 2616 bracteis
971 2570 1245 2617 dimidium
1281 2570 1472 2634 calycis
1509 2573 1619 2617 sub-

223 2653 564 2717 aequantibus,
593 2655 930 2719 leguminibus
963 2656 1296 2721 cylindraceis
1326 2657 1504 2704 erectis
1536 2675 1619 2719 pu,-

222 2741 534 2791 bescentibus
572 2743 977 2792 unilocularibus.
