<?xml version="1.0" encoding="UTF-8"?>
<!DOCTYPE html PUBLIC "-//W3C//DTD XHTML 1.0 Transitional//EN"
    "http://www.w3.org/TR/xhtml1/DTD/xhtml1-transitional.dtd">
<html xmlns="http://www.w3.org/1999/xhtml" xml:lang="en" lang="en">
 <head>
  <title>
</title>
<meta http-equiv="Content-Type" content="text/html;charset=utf-8" />
  <meta name='ocr-system' content='tesseract 3.04.00' />
  <meta name='ocr-capabilities' content='ocr_page ocr_carea ocr_par ocr_line ocrx_word'/>
</head>
<body>
  <div class='ocr_page' id='page_1' title='image "./floraaltaica03lede_0019.png"; bbox 0 0 1648 2989; ppageno 0'>
   <div class='ocr_carea' id='block_1_1' title="bbox 497 40 1594 107">
    <p class='ocr_par' dir='ltr' id='par_1_1' title="bbox 497 40 1594 107">
     <span class='ocr_line' id='line_1_1' title="bbox 497 40 1594 107; baseline -0.007 -13"><span class='ocrx_word' id='word_1_1' title='bbox 497 43 574 94; x_wconf 81' lang='lat' dir='ltr'><em>Cl.</em></span> <span class='ocrx_word' id='word_1_2' title='bbox 611 44 722 94; x_wconf 88' lang='lat' dir='ltr'><em>XV.</em></span> <span class='ocrx_word' id='word_1_3' title='bbox 791 42 1211 107; x_wconf 79' lang='lat' dir='ltr'><em>Tetradynamia.</em></span> <span class='ocrx_word' id='word_1_4' title='bbox 1546 40 1594 86; x_wconf 68' lang='lat'><em>&#39;7</em></span> 
     </span>
    </p>
   </div>
   <div class='ocr_carea' id='block_1_2' title="bbox 108 166 1613 2514">
    <p class='ocr_par' dir='ltr' id='par_1_2' title="bbox 108 166 1592 1201">
     <span class='ocr_line' id='line_1_2' title="bbox 111 166 1592 236; baseline -0.005 -19"><span class='ocrx_word' id='word_1_5' title='bbox 111 182 251 236; x_wconf 80' lang='lat' dir='ltr'><em>gata,</em></span> <span class='ocrx_word' id='word_1_6' title='bbox 286 181 445 217; x_wconf 85' lang='lat' dir='ltr'><em>erecta</em></span> <span class='ocrx_word' id='word_1_7' title='bbox 459 204 472 226; x_wconf 93' lang='lat'><em>,</em></span> <span class='ocrx_word' id='word_1_8' title='bbox 508 169 837 235; x_wconf 73' lang='lat' dir='ltr'><em>cylindracea.</em></span> <span class='ocrx_word' id='word_1_9' title='bbox 909 166 1161 214; x_wconf 81' lang='lat' dir='ltr'><em>Valvulae</em></span> <span class='ocrx_word' id='word_1_10' title='bbox 1192 181 1389 232; x_wconf 80' lang='lat' dir='ltr'><em>Semper</em></span> <span class='ocrx_word' id='word_1_11' title='bbox 1422 181 1592 211; x_wconf 88' lang='lat' dir='ltr'><em>conve-</em></span> 
     </span>
     <span class='ocr_line' id='line_1_3' title="bbox 112 254 1590 320; baseline -0.004 -15"><span class='ocrx_word' id='word_1_12' title='bbox 112 275 222 314; x_wconf 72' lang='lat' dir='ltr'><em>xae,</em></span> <span class='ocrx_word' id='word_1_13' title='bbox 259 274 517 320; x_wconf 85' lang='lat' dir='ltr'><em>nunquam</em></span> <span class='ocrx_word' id='word_1_14' title='bbox 551 258 806 303; x_wconf 86' lang='lat' dir='ltr'><em>carinatae</em></span> <span class='ocrx_word' id='word_1_15' title='bbox 818 291 830 311; x_wconf 92' lang='lat'>,</span> <span class='ocrx_word' id='word_1_16' title='bbox 864 272 1019 318; x_wconf 86' lang='lat' dir='ltr'><em>neque</em></span> <span class='ocrx_word' id='word_1_17' title='bbox 1053 271 1302 302; x_wconf 84' lang='lat' dir='ltr'><em>nervosae.</em></span> <span class='ocrx_word' id='word_1_18' title='bbox 1372 254 1590 317; x_wconf 80' lang='lat' dir='ltr'><em>Dissepi·</em></span> 
     </span>
     <span class='ocr_line' id='line_1_4' title="bbox 111 340 1589 408; baseline -0.003 -17"><span class='ocrx_word' id='word_1_19' title='bbox 111 357 332 392; x_wconf 84' lang='lat' dir='ltr'><em>mentum</em></span> <span class='ocrx_word' id='word_1_20' title='bbox 365 346 730 399; x_wconf 78' lang='lat' dir='ltr'><em>tenuissimum,</em></span> <span class='ocrx_word' id='word_1_21' title='bbox 768 344 1061 408; x_wconf 83' lang='lat' dir='ltr'><em>completum</em></span> <span class='ocrx_word' id='word_1_22' title='bbox 1096 342 1179 400; x_wconf 94' lang='lat' dir='ltr'><em>(in</em></span> <span class='ocrx_word' id='word_1_23' title='bbox 1215 343 1271 389; x_wconf 87' lang='lat' dir='ltr'><em>N.</em></span> <span class='ocrx_word' id='word_1_24' title='bbox 1308 359 1338 406; x_wconf 91' lang='lat' dir='ltr'>p</span> <span class='ocrx_word' id='word_1_25' title='bbox 1354 342 1408 390; x_wconf 85' lang='lat' dir='ltr'><em>al</em></span> <span class='ocrx_word' id='word_1_26' title='bbox 1421 358 1453 388; x_wconf 94' lang='lat' dir='ltr'><em>u</em></span> <span class='ocrx_word' id='word_1_27' title='bbox 1467 340 1589 389; x_wconf 83' lang='lat' dir='ltr'><em>stri</em></span> 
     </span>
     <span class='ocr_line' id='line_1_5' title="bbox 112 428 1590 496; baseline -0.003 -16"><span class='ocrx_word' id='word_1_28' title='bbox 112 434 359 480; x_wconf 84' lang='lat' dir='ltr'><em>interdum</em></span> <span class='ocrx_word' id='word_1_29' title='bbox 387 428 768 496; x_wconf 74' lang='lat' dir='ltr'><em>fenestratum),</em></span> <span class='ocrx_word' id='word_1_30' title='bbox 801 433 943 478; x_wconf 80' lang='lat' dir='ltr'><em>nervi</em></span> <span class='ocrx_word' id='word_1_31' title='bbox 973 431 1252 476; x_wconf 74' lang='lat' dir='ltr'><em>rudimento</em></span> <span class='ocrx_word' id='word_1_32' title='bbox 1283 432 1418 494; x_wconf 80' lang='lat' dir='ltr'><em>apice</em></span> <span class='ocrx_word' id='word_1_33' title='bbox 1443 443 1590 493; x_wconf 77' lang='lat' dir='ltr'><em>saepe</em></span> 
     </span>
     <span class='ocr_line' id='line_1_6' title="bbox 112 516 1589 583; baseline -0.003 -16"><span class='ocrx_word' id='word_1_34' title='bbox 112 523 422 575; x_wconf 74' lang='lat' dir='ltr'><em>instructum,</em></span> <span class='ocrx_word' id='word_1_35' title='bbox 454 520 641 565; x_wconf 79' lang='lat' dir='ltr'><em>areolis</em></span> <span class='ocrx_word' id='word_1_36' title='bbox 662 521 864 566; x_wconf 84' lang='lat' dir='ltr'><em>minutis</em></span> <span class='ocrx_word' id='word_1_37' title='bbox 889 516 1431 583; x_wconf 80' lang='lat' dir='ltr'><em>elliptico-orbiculatis.</em></span> <span class='ocrx_word' id='word_1_38' title='bbox 1474 517 1589 562; x_wconf 88' lang='lat' dir='ltr'><em>Pla-</em></span> 
     </span>
     <span class='ocr_line' id='line_1_7' title="bbox 111 604 1589 670; baseline -0.003 -16"><span class='ocrx_word' id='word_1_39' title='bbox 111 619 274 655; x_wconf 90' lang='lat' dir='ltr'><em>centae</em></span> <span class='ocrx_word' id='word_1_40' title='bbox 308 608 606 654; x_wconf 70' lang='lat' dir='ltr'><em>incrassatae</em></span> <span class='ocrx_word' id='word_1_41' title='bbox 618 643 630 665; x_wconf 94' lang='lat'>,</span> <span class='ocrx_word' id='word_1_42' title='bbox 666 619 832 654; x_wconf 88' lang='lat' dir='ltr'><em>tenues</em></span> <span class='ocrx_word' id='word_1_43' title='bbox 844 643 857 665; x_wconf 86' lang='lat'><strong><em>‚</em></strong></span> <span class='ocrx_word' id='word_1_44' title='bbox 892 607 1044 653; x_wconf 78' lang='lat' dir='ltr'><em>dorso</em></span> <span class='ocrx_word' id='word_1_45' title='bbox 1080 622 1273 670; x_wconf 83' lang='lat' dir='ltr'><em>semper</em></span> <span class='ocrx_word' id='word_1_46' title='bbox 1308 604 1512 652; x_wconf 75' lang='lat' dir='ltr'><em>obtusae</em></span> <span class='ocrx_word' id='word_1_47' title='bbox 1543 615 1589 650; x_wconf 85' lang='lat' dir='ltr'><em>et</em></span> 
     </span>
     <span class='ocr_line' id='line_1_8' title="bbox 111 695 1587 759; baseline -0.002 -18"><span class='ocrx_word' id='word_1_48' title='bbox 111 712 212 743; x_wconf 88' lang='lat' dir='ltr'><em>non</em></span> <span class='ocrx_word' id='word_1_49' title='bbox 255 695 587 759; x_wconf 82' lang='lat' dir='ltr'><em>prominulae.</em></span> <span class='ocrx_word' id='word_1_50' title='bbox 666 697 867 743; x_wconf 83' lang='lat' dir='ltr'><em>Semina</em></span> <span class='ocrx_word' id='word_1_51' title='bbox 916 695 1165 759; x_wconf 74' lang='lat' dir='ltr'><em>angulata</em></span> <span class='ocrx_word' id='word_1_52' title='bbox 1210 695 1587 758; x_wconf 76' lang='lat' dir='ltr'><em>immarginata‚</em></span> 
     </span>
     <span class='ocr_line' id='line_1_9' title="bbox 108 782 1588 848; baseline -0.003 -19"><span class='ocrx_word' id='word_1_53' title='bbox 108 783 326 848; x_wconf 78' lang='lat' dir='ltr'><em>pendula</em></span> <span class='ocrx_word' id='word_1_54' title='bbox 340 796 357 835; x_wconf 71' lang='grc' dir='ltr'><strong><em>ς</em></strong></span> <span class='ocrx_word' id='word_1_55' title='bbox 403 783 457 828; x_wconf 84' lang='grc' dir='ltr'><em>ἰη</em></span> <span class='ocrx_word' id='word_1_56' title='bbox 499 783 538 830; x_wconf 94' lang='grc' dir='ltr'><strong>Β</strong></span> <span class='ocrx_word' id='word_1_57' title='bbox 553 798 618 830; x_wconf 86' lang='lat' dir='ltr'><em>ra</em></span> <span class='ocrx_word' id='word_1_58' title='bbox 630 799 657 831; x_wconf 89' lang='lat' dir='ltr'><em>c</em></span> <span class='ocrx_word' id='word_1_59' title='bbox 670 782 702 831; x_wconf 91' lang='lat' dir='ltr'><strong>h</strong></span> <span class='ocrx_word' id='word_1_60' title='bbox 714 785 816 848; x_wconf 85' lang='lat' dir='ltr'><em>ylo</em></span> <span class='ocrx_word' id='word_1_61' title='bbox 828 783 858 830; x_wconf 89' lang='lat' dir='ltr'>b</span> <span class='ocrx_word' id='word_1_62' title='bbox 872 782 924 831; x_wconf 89' lang='lat' dir='ltr'><em>is</em></span> <span class='ocrx_word' id='word_1_63' title='bbox 971 783 1253 845; x_wconf 79' lang='lat' dir='ltr'><em>saepissime</em></span> <span class='ocrx_word' id='word_1_64' title='bbox 1296 782 1588 846; x_wconf 77' lang='lat' dir='ltr'><em>irregulari-</em></span> 
     </span>
     <span class='ocr_line' id='line_1_10' title="bbox 111 867 1588 934; baseline -0.003 -17"><span class='ocrx_word' id='word_1_65' title='bbox 111 883 185 917; x_wconf 82' lang='lat' dir='ltr'><em>ter</em></span> <span class='ocrx_word' id='word_1_66' title='bbox 219 871 619 934; x_wconf 73' lang='lat' dir='ltr'><em>quadriseriata5</em></span> <span class='ocrx_word' id='word_1_67' title='bbox 656 872 709 918; x_wconf 90' lang='lat' dir='ltr'><em>in</em></span> <span class='ocrx_word' id='word_1_68' title='bbox 745 869 788 920; x_wconf 90' lang='lat' dir='ltr'>C</span> <span class='ocrx_word' id='word_1_69' title='bbox 803 873 816 918; x_wconf 94' lang='lat' dir='ltr'>l</span> <span class='ocrx_word' id='word_1_70' title='bbox 831 888 858 920; x_wconf 86' lang='lat' dir='ltr'><em>a</em></span> <span class='ocrx_word' id='word_1_71' title='bbox 873 889 903 917; x_wconf 89' lang='lat' dir='ltr'><em>n</em></span> <span class='ocrx_word' id='word_1_72' title='bbox 921 869 949 917; x_wconf 84' lang='lat' dir='ltr'><strong>d</strong></span> <span class='ocrx_word' id='word_1_73' title='bbox 963 887 988 916; x_wconf 82' lang='lat' dir='ltr'><em>e</em></span> <span class='ocrx_word' id='word_1_74' title='bbox 1000 885 1022 917; x_wconf 90' lang='lat' dir='ltr'><em>s</em></span> <span class='ocrx_word' id='word_1_75' title='bbox 1035 869 1132 915; x_wconf 87' lang='lat' dir='ltr'><em>tin</em></span> <span class='ocrx_word' id='word_1_76' title='bbox 1147 885 1174 916; x_wconf 86' lang='lat' dir='ltr'><em>a</em></span> <span class='ocrx_word' id='word_1_77' title='bbox 1186 868 1241 916; x_wconf 87' lang='lat' dir='ltr'><em>ri</em></span> <span class='ocrx_word' id='word_1_78' title='bbox 1255 869 1305 917; x_wconf 90' lang='lat' dir='ltr'><em>is</em></span> <span class='ocrx_word' id='word_1_79' title='bbox 1339 867 1588 922; x_wconf 82' lang='lat' dir='ltr'><em>hiseriata‚</em></span> 
     </span>
     <span class='ocr_line' id='line_1_11' title="bbox 110 956 1588 1022; baseline -0.003 -18"><span class='ocrx_word' id='word_1_80' title='bbox 110 971 237 1005; x_wconf 77' lang='lat' dir='ltr'><em>testa</em></span> <span class='ocrx_word' id='word_1_81' title='bbox 267 960 502 1018; x_wconf 86' lang='lat' dir='ltr'><em>coriacea,</em></span> <span class='ocrx_word' id='word_1_82' title='bbox 538 956 698 1005; x_wconf 77' lang='lat' dir='ltr'><strong><em>crebre</em></strong></span> <span class='ocrx_word' id='word_1_83' title='bbox 726 960 957 1004; x_wconf 87' lang='lat' dir='ltr'><em>minutim</em></span> <span class='ocrx_word' id='word_1_84' title='bbox 983 958 1291 1022; x_wconf 83' lang='lat' dir='ltr'><em>punctulata,</em></span> <span class='ocrx_word' id='word_1_85' title='bbox 1327 957 1588 1003; x_wconf 77' lang='lat' dir='ltr'><em>raris-sime</em></span> 
     </span>
     <span class='ocr_line' id='line_1_12' title="bbox 109 1045 1588 1112; baseline -0.003 -18"><span class='ocrx_word' id='word_1_86' title='bbox 109 1046 340 1095; x_wconf 82' lang='lat' dir='ltr'><em>sublaevi.</em></span> <span class='ocrx_word' id='word_1_87' title='bbox 397 1047 727 1112; x_wconf 72' lang='lat' dir='ltr'><em>Cotyledones</em></span> <span class='ocrx_word' id='word_1_88' title='bbox 757 1047 1114 1100; x_wconf 85' lang='lat' dir='ltr'><em>crassiusculae,</em></span> <span class='ocrx_word' id='word_1_89' title='bbox 1145 1045 1490 1099; x_wconf 73' lang='lat' dir='ltr'><em>acutiusculae,</em></span> <span class='ocrx_word' id='word_1_90' title='bbox 1514 1045 1588 1090; x_wconf 91' lang='lat' dir='ltr'><em>in-</em></span> 
     </span>
     <span class='ocr_line' id='line_1_13' title="bbox 110 1134 1084 1201; baseline -0.003 -19"><span class='ocrx_word' id='word_1_91' title='bbox 110 1136 419 1201; x_wconf 78' lang='lat' dir='ltr'><em>tegerrimae.</em></span> <span class='ocrx_word' id='word_1_92' title='bbox 491 1135 733 1180; x_wconf 75' lang='lat' dir='ltr'><em>Radicula</em></span> <span class='ocrx_word' id='word_1_93' title='bbox 766 1134 1084 1180; x_wconf 69' lang='lat' dir='ltr'><em>adscendens,</em></span> 
     </span>
    </p>

    <p class='ocr_par' dir='ltr' id='par_1_3' title="bbox 110 1215 1613 2431">
     <span class='ocr_line' id='line_1_14' title="bbox 249 1215 1589 1285; baseline -0.003 -16"><span class='ocrx_word' id='word_1_94' title='bbox 249 1224 419 1269; x_wconf 82' lang='lat' dir='ltr'><em>Genus</em></span> <span class='ocrx_word' id='word_1_95' title='bbox 437 1223 682 1278; x_wconf 85' lang='lat' dir='ltr'><em>naturale,</em></span> <span class='ocrx_word' id='word_1_96' title='bbox 712 1223 760 1268; x_wconf 78' lang='lat' dir='ltr'><em>si</em></span> <span class='ocrx_word' id='word_1_97' title='bbox 782 1223 992 1285; x_wconf 78' lang='lat' dir='ltr'><em>excipias</em></span> <span class='ocrx_word' id='word_1_98' title='bbox 1015 1221 1193 1284; x_wconf 78' lang='lat' dir='ltr'><em>species</em></span> <span class='ocrx_word' id='word_1_99' title='bbox 1212 1234 1375 1265; x_wconf 87' lang='lat' dir='ltr'><em>omnes</em></span> <span class='ocrx_word' id='word_1_100' title='bbox 1400 1215 1510 1266; x_wconf 79' lang='lat' dir='ltr'><em>Cla</em></span> <span class='ocrx_word' id='word_1_101' title='bbox 1524 1235 1556 1265; x_wconf 87' lang='lat' dir='ltr'><em>n</em></span> <span class='ocrx_word' id='word_1_102' title='bbox 1570 1246 1589 1255; x_wconf 93' lang='lat'>-</span> 
     </span>
     <span class='ocr_line' id='line_1_15' title="bbox 112 1306 1592 1372; baseline -0.003 -17"><span class='ocrx_word' id='word_1_103' title='bbox 112 1308 139 1355; x_wconf 85' lang='lat' dir='ltr'>d</span> <span class='ocrx_word' id='word_1_104' title='bbox 155 1309 315 1357; x_wconf 83' lang='lat' dir='ltr'><em>estin</em></span> <span class='ocrx_word' id='word_1_105' title='bbox 330 1326 358 1357; x_wconf 87' lang='lat' dir='ltr'><em>a</em></span> <span class='ocrx_word' id='word_1_106' title='bbox 371 1309 427 1356; x_wconf 85' lang='lat' dir='ltr'><em>ri</em></span> <span class='ocrx_word' id='word_1_107' title='bbox 443 1326 470 1357; x_wconf 82' lang='lat' dir='ltr'><em>a</em></span> <span class='ocrx_word' id='word_1_108' title='bbox 484 1327 510 1357; x_wconf 86' lang='lat' dir='ltr'><em>e</em></span> <span class='ocrx_word' id='word_1_109' title='bbox 555 1311 719 1372; x_wconf 84' lang='lat' dir='ltr'><em>(quae</em></span> <span class='ocrx_word' id='word_1_110' title='bbox 749 1310 931 1372; x_wconf 81' lang='lat' dir='ltr'><em>siliqua</em></span> <span class='ocrx_word' id='word_1_111' title='bbox 976 1309 1211 1372; x_wconf 77' lang='lat' dir='ltr'><em>elongata</em></span> <span class='ocrx_word' id='word_1_112' title='bbox 1223 1341 1235 1361; x_wconf 93' lang='lat'><strong><em>‚</em></strong></span> <span class='ocrx_word' id='word_1_113' title='bbox 1278 1306 1592 1371; x_wconf 71' lang='lat' dir='ltr'><em>cylindracea</em></span> 
     </span>
     <span class='ocr_line' id='line_1_16' title="bbox 110 1393 1590 1460; baseline -0.002 -16"><span class='ocrx_word' id='word_1_114' title='bbox 110 1399 318 1460; x_wconf 86' lang='lat' dir='ltr'><em>aliisque</em></span> <span class='ocrx_word' id='word_1_115' title='bbox 352 1398 480 1443; x_wconf 83' lang='lat' dir='ltr'><em>notis</em></span> <span class='ocrx_word' id='word_1_116' title='bbox 510 1397 799 1456; x_wconf 78' lang='lat' dir='ltr'><em>recedunt),</em></span> <span class='ocrx_word' id='word_1_117' title='bbox 847 1396 904 1442; x_wconf 89' lang='lat' dir='ltr'><em>N.</em></span> <span class='ocrx_word' id='word_1_118' title='bbox 943 1411 971 1442; x_wconf 89' lang='lat' dir='ltr'><em>a</em></span> <span class='ocrx_word' id='word_1_119' title='bbox 988 1410 1038 1440; x_wconf 91' lang='lat' dir='ltr'><strong>m</strong></span> <span class='ocrx_word' id='word_1_120' title='bbox 1053 1395 1125 1458; x_wconf 91' lang='lat' dir='ltr'><em>ph</em></span> <span class='ocrx_word' id='word_1_121' title='bbox 1142 1393 1273 1441; x_wconf 90' lang='lat' dir='ltr'><em>ibiu</em></span> <span class='ocrx_word' id='word_1_122' title='bbox 1293 1409 1344 1440; x_wconf 89' lang='lat' dir='ltr'><strong>m</strong></span> <span class='ocrx_word' id='word_1_123' title='bbox 1392 1405 1437 1440; x_wconf 90' lang='lat' dir='ltr'><em>et</em></span> <span class='ocrx_word' id='word_1_124' title='bbox 1483 1412 1514 1440; x_wconf 88' lang='lat' dir='ltr'><em>n</em></span> <span class='ocrx_word' id='word_1_125' title='bbox 1529 1410 1590 1441; x_wconf 87' lang='lat' dir='ltr'><em>a-</em></span> 
     </span>
     <span class='ocr_line' id='line_1_17' title="bbox 112 1480 1591 1552; baseline -0.005 -19"><span class='ocrx_word' id='word_1_126' title='bbox 112 1495 170 1533; x_wconf 85' lang='lat' dir='ltr'><em>ta</em></span> <span class='ocrx_word' id='word_1_127' title='bbox 186 1502 253 1533; x_wconf 87' lang='lat' dir='ltr'><em>ns</em></span> <span class='ocrx_word' id='word_1_128' title='bbox 296 1486 455 1552; x_wconf 79' lang='lat' dir='ltr'><em>(quae</em></span> <span class='ocrx_word' id='word_1_129' title='bbox 499 1487 701 1532; x_wconf 86' lang='lat' dir='ltr'><em>omnino</em></span> <span class='ocrx_word' id='word_1_130' title='bbox 746 1484 814 1530; x_wconf 80' lang='lat' dir='ltr'><em>acl</em></span> <span class='ocrx_word' id='word_1_131' title='bbox 850 1480 891 1531; x_wconf 90' lang='lat' dir='ltr'>C</span> <span class='ocrx_word' id='word_1_132' title='bbox 907 1482 1021 1530; x_wconf 83' lang='lat' dir='ltr'><em>och</em></span> <span class='ocrx_word' id='word_1_133' title='bbox 1038 1481 1273 1530; x_wconf 78' lang='lat' dir='ltr'><em>learias</em></span> <span class='ocrx_word' id='word_1_134' title='bbox 1315 1482 1591 1546; x_wconf 82' lang='lat' dir='ltr'><em>spectant);</em></span> 
     </span>
     <span class='ocr_line' id='line_1_18' title="bbox 113 1569 1592 1634; baseline -0.003 -14"><span class='ocrx_word' id='word_1_135' title='bbox 113 1589 197 1620; x_wconf 86' lang='lat' dir='ltr'><em>nec</em></span> <span class='ocrx_word' id='word_1_136' title='bbox 231 1589 334 1620; x_wconf 89' lang='lat' dir='ltr'><em>non</em></span> <span class='ocrx_word' id='word_1_137' title='bbox 368 1574 426 1620; x_wconf 90' lang='lat' dir='ltr'><em>N.</em></span> <span class='ocrx_word' id='word_1_138' title='bbox 463 1572 883 1622; x_wconf 83' lang='lat' dir='ltr'><em>bursifolium</em></span> <span class='ocrx_word' id='word_1_139' title='bbox 921 1582 966 1618; x_wconf 86' lang='lat' dir='ltr'><em>et</em></span> <span class='ocrx_word' id='word_1_140' title='bbox 1004 1587 1026 1618; x_wconf 89' lang='lat' dir='ltr'><em>s</em></span> <span class='ocrx_word' id='word_1_141' title='bbox 1043 1569 1389 1634; x_wconf 84' lang='lat' dir='ltr'><em>agittatum</em></span> <span class='ocrx_word' id='word_1_142' title='bbox 1434 1571 1592 1631; x_wconf 80' lang='lat' dir='ltr'><em>(quae</em></span> 
     </span>
     <span class='ocr_line' id='line_1_19' title="bbox 113 1658 1593 1726; baseline -0.003 -19"><span class='ocrx_word' id='word_1_143' title='bbox 113 1662 281 1726; x_wconf 80' lang='lat' dir='ltr'><em>quoad</em></span> <span class='ocrx_word' id='word_1_144' title='bbox 308 1677 464 1726; x_wconf 75' lang='lat' dir='ltr'><em>genus</em></span> <span class='ocrx_word' id='word_1_145' title='bbox 495 1662 644 1708; x_wconf 76' lang='lat' dir='ltr'><em>valde</em></span> <span class='ocrx_word' id='word_1_146' title='bbox 677 1672 791 1708; x_wconf 85' lang='lat' dir='ltr'><em>sunt</em></span> <span class='ocrx_word' id='word_1_147' title='bbox 835 1658 1030 1718; x_wconf 77' lang='lat' dir='ltr'><em>dubia).</em></span> <span class='ocrx_word' id='word_1_148' title='bbox 1102 1658 1416 1703; x_wconf 77' lang='lat' dir='ltr'><em>Distinctum</em></span> <span class='ocrx_word' id='word_1_149' title='bbox 1460 1658 1593 1703; x_wconf 85' lang='lat' dir='ltr'><em>inter</em></span> 
     </span>
     <span class='ocr_line' id='line_1_20' title="bbox 111 1744 1594 1814; baseline -0.007 -16"><span class='ocrx_word' id='word_1_150' title='bbox 111 1750 162 1799; x_wconf 90' lang='lat' dir='ltr'>A</span> <span class='ocrx_word' id='word_1_151' title='bbox 173 1768 200 1797; x_wconf 83' lang='lat'><em>1·</em></span> <span class='ocrx_word' id='word_1_152' title='bbox 212 1766 239 1798; x_wconf 83' lang='lat' dir='ltr'><em>a</em></span> <span class='ocrx_word' id='word_1_153' title='bbox 250 1750 279 1797; x_wconf 94' lang='lat' dir='ltr'>b</span> <span class='ocrx_word' id='word_1_154' title='bbox 294 1749 311 1796; x_wconf 93' lang='lat' dir='ltr'><em>i</em></span> <span class='ocrx_word' id='word_1_155' title='bbox 325 1749 354 1796; x_wconf 87' lang='lat' dir='ltr'><strong>d</strong></span> <span class='ocrx_word' id='word_1_156' title='bbox 367 1767 393 1797; x_wconf 90' lang='lat' dir='ltr'><em>e</em></span> <span class='ocrx_word' id='word_1_157' title='bbox 405 1766 435 1797; x_wconf 88' lang='lat' dir='ltr'><em>a</em></span> <span class='ocrx_word' id='word_1_158' title='bbox 447 1765 469 1797; x_wconf 84' lang='lat' dir='ltr'><em>s</em></span> <span class='ocrx_word' id='word_1_159' title='bbox 505 1765 668 1814; x_wconf 75' lang='lat' dir='ltr'><em>genus</em></span> <span class='ocrx_word' id='word_1_160' title='bbox 704 1749 795 1796; x_wconf 85' lang='lat' dir='ltr'><em>hoc</em></span> <span class='ocrx_word' id='word_1_161' title='bbox 828 1746 1095 1795; x_wconf 74' lang='lat' dir='ltr'><em>seminibus·</em></span> <span class='ocrx_word' id='word_1_162' title='bbox 1124 1744 1380 1800; x_wconf 82' lang='lat' dir='ltr'><em>biseriatis,</em></span> <span class='ocrx_word' id='word_1_163' title='bbox 1414 1745 1594 1809; x_wconf 79' lang='lat' dir='ltr'><em>saepis-</em></span> 
     </span>
     <span class='ocr_line' id='line_1_21' title="bbox 111 1827 1594 1902; baseline -0.005 -17"><span class='ocrx_word' id='word_1_164' title='bbox 111 1840 236 1887; x_wconf 76' lang='lat' dir='ltr'><em>sime</em></span> <span class='ocrx_word' id='word_1_165' title='bbox 271 1838 510 1902; x_wconf 76' lang='lat' dir='ltr'><em>congestis</em></span> <span class='ocrx_word' id='word_1_166' title='bbox 523 1873 536 1894; x_wconf 90' lang='lat'>,</span> <span class='ocrx_word' id='word_1_167' title='bbox 570 1836 1053 1900; x_wconf 75' lang='lat' dir='ltr'><em>subquadriseriatis.</em></span> <span class='ocrx_word' id='word_1_168' title='bbox 1122 1835 1390 1880; x_wconf 86' lang='lat' dir='ltr'><em>Praeterea</em></span> <span class='ocrx_word' id='word_1_169' title='bbox 1425 1827 1594 1899; x_wconf 81' lang='lat' dir='ltr'><em>differt</em></span> 
     </span>
     <span class='ocr_line' id='line_1_22' title="bbox 113 1917 1592 1984; baseline -0.004 -11"><span class='ocrx_word' id='word_1_170' title='bbox 113 1943 147 1973; x_wconf 88' lang='lat' dir='ltr'><em>a</em></span> <span class='ocrx_word' id='word_1_171' title='bbox 182 1928 260 1974; x_wconf 84' lang='lat' dir='ltr'><em>Ba</em></span> <span class='ocrx_word' id='word_1_172' title='bbox 279 1924 534 1984; x_wconf 84' lang='lat' dir='ltr'><em>rbarea,</em></span> <span class='ocrx_word' id='word_1_173' title='bbox 582 1924 836 1973; x_wconf 82' lang='lat' dir='ltr'><em>Turriti</em></span> <span class='ocrx_word' id='word_1_174' title='bbox 854 1924 951 1984; x_wconf 87' lang='lat' dir='ltr'><em>de,</em></span> <span class='ocrx_word' id='word_1_175' title='bbox 993 1920 1309 1981; x_wconf 83' lang='lat' dir='ltr'><em>Arabide,</em></span> <span class='ocrx_word' id='word_1_176' title='bbox 1354 1917 1592 1969; x_wconf 82' lang='lat' dir='ltr'><em>Carda-</em></span> 
     </span>
     <span class='ocr_line' id='line_1_23' title="bbox 114 2010 1596 2077; baseline -0.005 -15"><span class='ocrx_word' id='word_1_177' title='bbox 114 2013 243 2062; x_wconf 89' lang='lat' dir='ltr'><em>min</em></span> <span class='ocrx_word' id='word_1_178' title='bbox 255 2031 281 2061; x_wconf 84' lang='lat' dir='ltr'><em>e</em></span> <span class='ocrx_word' id='word_1_179' title='bbox 318 2025 400 2060; x_wconf 87' lang='lat' dir='ltr'><em>etc.</em></span> <span class='ocrx_word' id='word_1_180' title='bbox 437 2014 604 2061; x_wconf 72' lang='lat' dir='ltr'><em>valvis</em></span> <span class='ocrx_word' id='word_1_181' title='bbox 638 2013 893 2068; x_wconf 76' lang='lat' dir='ltr'><em>convexi-5,</em></span> <span class='ocrx_word' id='word_1_182' title='bbox 937 2028 1023 2058; x_wconf 90' lang='lat' dir='ltr'><em>nec</em></span> <span class='ocrx_word' id='word_1_183' title='bbox 1051 2012 1241 2077; x_wconf 85' lang='lat' dir='ltr'><em>planis,</em></span> <span class='ocrx_word' id='word_1_184' title='bbox 1282 2024 1437 2075; x_wconf 82' lang='lat' dir='ltr'><em>neque</em></span> <span class='ocrx_word' id='word_1_185' title='bbox 1471 2010 1596 2055; x_wconf 83' lang='lat' dir='ltr'><em>cari-</em></span> 
     </span>
     <span class='ocr_line' id='line_1_24' title="bbox 114 2097 1596 2167; baseline -0.005 -17"><span class='ocrx_word' id='word_1_186' title='bbox 114 2104 244 2160; x_wconf 80' lang='lat' dir='ltr'><em>natis</em></span> <span class='ocrx_word' id='word_1_187' title='bbox 253 2117 271 2157; x_wconf 87' lang='lat'><em>;</em></span> <span class='ocrx_word' id='word_1_188' title='bbox 306 2119 339 2149; x_wconf 89' lang='lat' dir='ltr'><em>a</em></span> <span class='ocrx_word' id='word_1_189' title='bbox 375 2098 417 2150; x_wconf 89' lang='lat' dir='ltr'>C</span> <span class='ocrx_word' id='word_1_190' title='bbox 432 2101 466 2149; x_wconf 93' lang='lat' dir='ltr'>h</span> <span class='ocrx_word' id='word_1_191' title='bbox 480 2101 579 2149; x_wconf 86' lang='lat' dir='ltr'><em>eir</em></span> <span class='ocrx_word' id='word_1_192' title='bbox 591 2117 618 2149; x_wconf 83' lang='lat' dir='ltr'><em>a</em></span> <span class='ocrx_word' id='word_1_193' title='bbox 634 2120 664 2148; x_wconf 88' lang='lat' dir='ltr'><em>n</em></span> <span class='ocrx_word' id='word_1_194' title='bbox 679 2110 698 2148; x_wconf 89' lang='lat' dir='ltr'><em>t</em></span> <span class='ocrx_word' id='word_1_195' title='bbox 713 2100 746 2148; x_wconf 91' lang='lat' dir='ltr'><strong>h</strong></span> <span class='ocrx_word' id='word_1_196' title='bbox 760 2117 787 2148; x_wconf 92' lang='lat' dir='ltr'>o</span> <span class='ocrx_word' id='word_1_197' title='bbox 825 2101 989 2165; x_wconf 72' lang='lat' dir='ltr'><em>calyce</em></span> <span class='ocrx_word' id='word_1_198' title='bbox 1020 2110 1233 2167; x_wconf 84' lang='lat' dir='ltr'><em>patente,</em></span> <span class='ocrx_word' id='word_1_199' title='bbox 1262 2099 1460 2160; x_wconf 81' lang='lat' dir='ltr'><em>siliqua,</em></span> <span class='ocrx_word' id='word_1_200' title='bbox 1492 2097 1596 2162; x_wconf 64' lang='lat' dir='ltr'><em>ple-</em></span> 
     </span>
     <span class='ocr_line' id='line_1_25' title="bbox 115 2184 1613 2254; baseline -0.005 -16"><span class='ocrx_word' id='word_1_201' title='bbox 115 2206 326 2254; x_wconf 85' lang='lat' dir='ltr'><em>rumque</em></span> <span class='ocrx_word' id='word_1_202' title='bbox 359 2188 648 2237; x_wconf 81' lang='lat' dir='ltr'><em>abbreviata</em></span> <span class='ocrx_word' id='word_1_203' title='bbox 693 2200 738 2236; x_wconf 89' lang='lat' dir='ltr'><em>et</em></span> <span class='ocrx_word' id='word_1_204' title='bbox 774 2186 960 2237; x_wconf 78' lang='lat' dir='ltr'><em>habitu.</em></span> <span class='ocrx_word' id='word_1_205' title='bbox 1030 2189 1081 2235; x_wconf 89' lang='lat' dir='ltr'><em>A</em></span> <span class='ocrx_word' id='word_1_206' title='bbox 1116 2186 1150 2235; x_wconf 89' lang='lat' dir='ltr'>S</span> <span class='ocrx_word' id='word_1_207' title='bbox 1164 2186 1214 2234; x_wconf 88' lang='lat' dir='ltr'><em>is</em></span> <span class='ocrx_word' id='word_1_208' title='bbox 1225 2204 1260 2250; x_wconf 86' lang='lat' dir='ltr'><strong>y</strong></span> <span class='ocrx_word' id='word_1_209' title='bbox 1275 2184 1368 2232; x_wconf 90' lang='lat' dir='ltr'><em>mb</em></span> <span class='ocrx_word' id='word_1_210' title='bbox 1384 2203 1410 2231; x_wconf 77' lang='lat' dir='ltr'><strong>r</strong></span> <span class='ocrx_word' id='word_1_211' title='bbox 1421 2184 1439 2232; x_wconf 87' lang='lat' dir='ltr'><em>i</em></span> <span class='ocrx_word' id='word_1_212' title='bbox 1451 2201 1478 2231; x_wconf 93' lang='lat' dir='ltr'>o</span> <span class='ocrx_word' id='word_1_213' title='bbox 1519 2201 1595 2231; x_wconf 86' lang='lat' dir='ltr'><em>co·</em></span> <span class='ocrx_word' id='word_1_214' title='bbox 1609 2216 1613 2220; x_wconf 90' lang='lat'>-</span> 
     </span>
     <span class='ocr_line' id='line_1_26' title="bbox 117 2272 1599 2344; baseline -0.003 -20"><span class='ocrx_word' id='word_1_215' title='bbox 117 2276 431 2344; x_wconf 73' lang='lat' dir='ltr'><em>tyledonibus</em></span> <span class='ocrx_word' id='word_1_216' title='bbox 465 2276 848 2325; x_wconf 81' lang='lat' dir='ltr'><em>accumbentibus</em></span> <span class='ocrx_word' id='word_1_217' title='bbox 864 2310 876 2333; x_wconf 91' lang='lat'>‚</span> <span class='ocrx_word' id='word_1_218' title='bbox 924 2291 1009 2324; x_wconf 85' lang='lat' dir='ltr'><em>nec</em></span> <span class='ocrx_word' id='word_1_219' title='bbox 1045 2272 1425 2325; x_wconf 73' lang='lat' dir='ltr'><em>incumbentibus</em></span> <span class='ocrx_word' id='word_1_220' title='bbox 1457 2273 1599 2320; x_wconf 80' lang='lat' dir='ltr'><em>aliis-</em></span> 
     </span>
     <span class='ocr_line' id='line_1_27' title="bbox 121 2362 913 2431; baseline 0 -20"><span class='ocrx_word' id='word_1_221' title='bbox 121 2382 216 2430; x_wconf 83' lang='lat' dir='ltr'><em>que</em></span> <span class='ocrx_word' id='word_1_222' title='bbox 250 2367 378 2413; x_wconf 84' lang='lat' dir='ltr'><em>notis</em></span> <span class='ocrx_word' id='word_1_223' title='bbox 399 2362 562 2431; x_wconf 86' lang='lat' dir='ltr'><em>facile</em></span> <span class='ocrx_word' id='word_1_224' title='bbox 592 2364 913 2431; x_wconf 77' lang='lat' dir='ltr'><em>dignoscitur.</em></span> 
     </span>
    </p>

    <p class='ocr_par' dir='ltr' id='par_1_4' title="bbox 414 2455 1314 2514">
     <span class='ocr_line' id='line_1_28' title="bbox 414 2455 1314 2514; baseline -0.002 -13"><span class='ocrx_word' id='word_1_225' title='bbox 414 2459 556 2514; x_wconf 81' lang='lat' dir='ltr'><em>(Sect.</em></span> <span class='ocrx_word' id='word_1_226' title='bbox 586 2459 644 2502; x_wconf 83' lang='lat' dir='ltr'><em>II.</em></span> <span class='ocrx_word' id='word_1_227' title='bbox 703 2455 1166 2501; x_wconf 84' lang='lat' dir='ltr'>BRACHYLOBOS.</span> <span class='ocrx_word' id='word_1_228' title='bbox 1209 2459 1314 2499; x_wconf 81' lang='lat' dir='ltr'><em>Dec.</em></span> 
     </span>
    </p>
   </div>
   <div class='ocr_carea' id='block_1_3' title="bbox 120 2528 1602 2667">
    <p class='ocr_par' dir='ltr' id='par_1_5' title="bbox 120 2528 1602 2667">
     <span class='ocr_line' id='line_1_29' title="bbox 120 2528 1601 2592; baseline -0.004 -13"><span class='ocrx_word' id='word_1_229' title='bbox 120 2537 354 2592; x_wconf 82' lang='lat' dir='ltr'><em>Siliqua</em></span> <span class='ocrx_word' id='word_1_230' title='bbox 401 2539 778 2589; x_wconf 80' lang='lat' dir='ltr'><em>abbreviata,</em></span> <span class='ocrx_word' id='word_1_231' title='bbox 826 2538 1239 2588; x_wconf 78' lang='lat' dir='ltr'><em>teretiuscula,</em></span> <span class='ocrx_word' id='word_1_232' title='bbox 1281 2528 1601 2589; x_wconf 60' lang='lat' dir='ltr'><em>plerumq&#39;ue</em></span> 
     </span>
     <span class='ocr_line' id='line_1_30' title="bbox 122 2595 1602 2667; baseline -0.004 -11"><span class='ocrx_word' id='word_1_233' title='bbox 122 2618 387 2667; x_wconf 79' lang='lat' dir='ltr'><em>oblonga,</em></span> <span class='ocrx_word' id='word_1_234' title='bbox 438 2615 737 2658; x_wconf 80' lang='lat' dir='ltr'><em>declinata.</em></span> <span class='ocrx_word' id='word_1_235' title='bbox 805 2613 1002 2656; x_wconf 81' lang='lat' dir='ltr'><em>Petala</em></span> <span class='ocrx_word' id='word_1_236' title='bbox 1031 2611 1215 2665; x_wconf 82' lang='lat' dir='ltr'><em>flava.</em></span> <span class='ocrx_word' id='word_1_237' title='bbox 1285 2595 1602 2653; x_wconf 66' lang='lat' dir='ltr'><em>Glandul&#39;ae</em></span> 
     </span>
    </p>
   </div>
   <div class='ocr_carea' id='block_1_4' title="bbox 125 2687 554 2747">
    <p class='ocr_par' dir='ltr' id='par_1_6' title="bbox 125 2687 554 2747">
     <span class='ocr_line' id='line_1_31' title="bbox 125 2687 554 2747; baseline 0 -15"><span class='ocrx_word' id='word_1_238' title='bbox 125 2695 456 2747; x_wconf 78' lang='lat' dir='ltr'><em>hypogynae</em></span> <span class='ocrx_word' id='word_1_239' title='bbox 484 2687 554 2745; x_wconf 89' lang='grc'><em>6.)</em></span> 
     </span>
    </p>
   </div>
  </div>
 </body>
</html>
