1648 2989
89 78 159 128 24
471 78 548 128 Cl.
583 81 693 132 XV.
763 82 1174 148 Tetradynamia.

263 202 416 244 Arabis
454 201 632 245 hirsuta.
702 206 804 247 Dec.
845 207 998 248 Prodr.
1039 209 1074 248 I.
1119 224 1164 262 p.
1206 208 1301 250 144.
1344 230 1400 242 ·-—
1458 211 1556 251 Deo.

319 280 430 333 Syst.
472 288 562 321 nat.
603 280 668 322 ΙΙ.
701 298 749 336 P·
782 281 881 324 223.
913 306 969 312 —
1025 284 1177 326 Besser
1214 284 1294 326 En.
1329 289 1388 340 pl.
1431 286 1558 326 Volh.

319 372 364 410 p.
394 355 467 398 27.

266 429 448 472 Turritis
478 431 657 474 hirsuta.
698 433 820 473 S‘cmc.
835 433 1008 474 Handb.
1027 435 1082 475 N.
1099 434 1221 478 1860.
1240 445 1267 477 t.
1289 435 1562 477 CLXXXV.

270 508 321 547 A.
355 509 550 548 conferta.
586 508 727 548 Willd.
760 517 799 549 et
828 509 885 549 A.
917 512 1150 552 moschata.
1182 512 1363 555 Auctor.

273 584 333 625 A.
364 583 702 625 Marschalliana.
762 584 936 625 Hortor.

162 671 205 713 γ.
235 663 433 701 incisa:
463 660 579 700 foliis
600 658 848 699 radicalibus
870 661 1224 704 inciso-sinuatis.
1240 684 1294 692 —
1322 663 1468 704 Wallr.
1491 666 1519 705 l.
1536 678 1570 702 c.

108 731 348 776 varietates
391 752 420 778 οι
463 743 506 776 et
544 737 576 792 β
614 736 712 775 hinc
752 735 852 776 infle
889 739 935 777 in
966 739 1207 790 regionibus
1239 739 1397 779 altaicis
1430 752 1573 778 occur-

164 819 286 861 runt,
326 812 400 852 sed
430 812 582 851 nullibi
613 813 876 866 frequenter,
906 814 950 853 in
979 816 1106 869 pratis
1137 815 1189 855 acl
1217 815 1260 856 fl.
1294 814 1574 865 Kurtsehum,

165 887 286 936 (M.>‚
320 866 450 943 pro'fie
480 887 665 928 Barnaul
695 889 898 939 (Patrin).
929 890 989 929 Fl.
1023 890 1152 941 Majo,
1185 890 1281 932 Jun.
1327 895 1391 935 21..
1430 891 1494 938 εἶ’.

224 962 392 1004 Frustra
424 964 619 1003 certiores
651 965 910 1005 characteres
942 967 1229 1020 quaesivimus
1259 968 1369 1006 inter
1403 971 1581 1007 varie-

112 1043 258 1079 tates
288 1056 315 1082 α
334 1048 376 1080 et
397 1041 442 1094 β,
474 1053 582 1094 quae
611 1040 658 1079 in
676 1038 860 1081 Livonia
883 1043 986 1081 circa
1006 1042 1241 1097 Dorpatum
1263 1051 1324 1082 sat
1342 1045 1582 1097 frequenter

115 1123 350 1156 occurrunt.
392 1116 567 1156 Herba
599 1117 751 1155 vestita
782 1117 877 1172 pilis
908 1119 1210 1173 copiosioribus
1242 1120 1312 1160 vel
1343 1119 1580 1168 rarioribus,

116 1189 384 1242 rigidioribus
416 1193 484 1233 vel
514 1193 803 1240 mollioribus,
841 1195 1147 1249 patentissimis
1178 1196 1247 1234 vel
1277 1194 1584 1249 subadpressis3

116 1267 253 1306 folia
282 1281 393 1308 nunc
423 1268 568 1309 omnia
598 1268 840 1321 auriculam,
874 1285 981 1310 nunc
1011 1271 1211 1310 inferiora
1235 1271 1324 1310 basi
1350 1269 1584 1320 rotundata,

118 1343 338 1397 superiora
369 1344 576 1396 sagittata,
608 1359 718 1384 nuuc
747 1360 850 1385 vero
881 1347 1023 1386 omnia
1053 1348 1143 1386 basi
1171 1346 1393 1386 rotundata
1422 1348 1493 1386 vel
1524 1347 1587 1385 le-

118 1419 231 1459 viter
263 1418 449 1470 cordata,
490 1433 597 1473 quae
633 1421 835 1462 foliorum
865 1423 1027 1461 formae
1056 1423 1099 1461 in
1131 1423 1285 1476 plantis
1314 1423 1588 1461 inveniuntur

121 1508 213 1534 uno·
237 1494 472 1548 eodemque
502 1494 596 1535 loco
628 1497 935 1547 crescentibus,
980 1511 1115 1551 neque
1146 1498 1298 1538 desunt
1329 1499 1491 1538 formae
1522 1499 1590 1537 in-

122 1569 356 1621 termediae
394 1570 659 1611 innumerae.
718 1571 973 1627 Siliquae
1012 1574 1261 1613 immaturae
1298 1575 1342 1614 in
1383 1575 1438 1615 A.
1472 1575 1591 1614 hir-

124 1653 274 1699 suta,
308 1646 370 1686 uti
398 1646 444 1685 in
474 1647 525 1687 A.
556 1647 852 1700 sagittata,
887 1663 1163 1704 compressae,
1194 1652 1370 1705 planae3
1401 1657 1593 1690 maturae

125 1734 228 1760 vero
264 1722 308 1760 in
347 1728 522 1776 utraque
559 1723 732 1763 valvula
768 1738 898 1765 nervo
931 1733 1101 1766 notatae
1131 1727 1402 1782 prominente
1431 1727 1501 1778 (in
1536 1728 1592 1768 A.

126 1797 401 1849 sagittata
441 1799 517 1838 vix
557 1798 701 1839 minus
731 1801 1034 1855 prominulo),
1073 1802 1183 1842 unde
1215 1804 1391 1858 siliquae
1421 1801 1594 1843 demum

130 1875 746 1927 compresso-subtetragonae
776 1877 972 1918 evadunt.
1053 1878 1211 1918 {adix
1239 1880 1488 1935 plerumque
1516 1893 1597 1934 pe-

128 1950 289 2000 rennis,
320 1950 455 1990 rarius
487 1949 560 1990 bi·
590 1952 662 1991 vel
691 1953 884 1993 triennis.
948 1953 1120 2006 Calyx
1150 1956 1239 1995 basi
1270 1956 1470 2011 aequalis,
1494 1969 1596 1997 ,ere-

130 2031 236 2066 ctus.
294 2024 486 2068 Petala
517 2028 659 2081 calyce
690 2028 818 2084 duplo
848 2032 937 2069 sere
967 2031 1172 2083 longiora,
1205 2032 1592 2084 lineari-oblonga,

131 2102 508 2151 subcuneiformia,
537 2105 885 2156 exunguiculata,
918 2107 1087 2158 obtusa,
1119 2107 1388 2158 integerrima
1418 2110 1489 2149 vel
1522 2109 1599 2148 ob-

130 2178 265 2218 solete
294 2178 566 2230 emarginata,
599 2188 745 2221 erecta.
793 2179 1063 2222 Glandula
1095 2184 1121 2221 h
1136 2198 1381 2238 ypogyna
1410 2184 1598 2223 semian-

130 2254 290 2294 nularis
308 2255 430 2296 'inter
459 2240 632 2305 germen
661 2264 703 2295 et
732 2257 947 2296 filameuta
977 2259 1192 2311 breviora3
1225 2260 1449 2311 glandulae
1469 2261 1497 2300 2
1515 2260 1599 2299 mi-

132 2338 286 2381 nutae,
328 2338 541 2371 truncatae
570 2332 680 2371 inter
709 2333 921 2372 filamenta
959 2334 1148 2386 longiora
1178 2343 1220 2375 et
1251 2337 1446 2387 calycem.
1505 2335 1598 2375 Fi-

131 2405 377 2447 lamenta
417 2414 603 2459 setacea,
645 2408 799 2460 libera,
842 2407 1052 2452 edentula.
1121 2410 1319 2464 Stylus
1361 2412 1595 2453 subnullus.

134 2479 342 2533 stigma
375 2483 612 2538 capitatum,
642 2484 884 2524 indivisum.

245 2555 302 2598 A.
333 2561 675 2615 stenopetala
710 2562 802 2601 Dec.
837 2560 1097 2612 (Turritis
1129 2561 1308 2615 Willd.),
1341 2577 1468 2618 quam
1499 2576 1598 2618 spe-

90 2685 93 2698 .
135 2637 248 2671 etant
279 2635 327 2672 A.
361 2636 631 2688 sagittata
661 2638 707 2691 β.
740 2638 842 2678 Deo.
874 2645 937 2690 et,
972 2638 1013 2676 ni
1043 2640 1187 2691 fallor,
1218 2639 1598 2692 A.10ngisi1i-

134 2719 238 2764 qua
266 2707 413 2751 Wanr.
437 2712 589 2754 Sched.
620 2717 714 2754 crit.
744 2729 786 2768 p.
819 2712 917 2766 359,
950 2712 1090 2756 differt
1119 2716 1171 2757 ab
1204 2715 1256 2758 A.
1287 2717 1502 2757 hirsuta
1529 2728 1601 2756 ra-
