1648 2989
431 112 511 165 Cl.
546 114 662 164 XV.
732 112 1146 180 Tetradynamia.
1463 114 1529 164 83

191 289 195 295 Ι
428 237 477 289 9)
521 237 681 280 DRABA
714 250 964 280 com-ORTA.
1011 237 1141 281 Ehrh.

45 317 108 368 D.
144 314 373 365 caulibus
417 317 635 366 ramosis
677 316 873 366 foliosis
919 334 1039 366 cum
1076 316 1336 382 pedicellis
1371 315 1528 365 foliis-

112 422 207 469 que
235 404 362 469 pube
392 421 593 476 ramosa
625 413 674 454 et
709 405 826 470 pilis
856 405 1177 470 simplicibus
1207 404 1426 465 incanis,
1455 404 1528 452 fo-

110 493 196 541 liis
232 492 458 557 oblongis
493 493 722 542 ovatisve
760 495 922 543 acutis
958 493 1201 553 dentatis,
1238 493 1414 557 petalis
1444 492 1528 541 ob-

110 579 274 645 longis
331 583 509 646 calyce
562 581 864 646 pubescente
907 582 1149 646 subduplo
1199 579 1526 646 longioribus,

109 667 325 718 siliculis
356 668 583 735 oblongis
618 669 900 732 (contortis)
932 671 1123 736 glabris
1153 668 1396 735 pedicello
1421 668 1527 717 lon-

110 754 352 822 gioribus,
389 759 518 823 stylo
557 757 874 806 brevissimo.

153 843 210 886 D.
241 852 444 885 contorta.
500 844 619 887 Em
664 846 795 887 Beitr.
830 844 933 887 VII.
963 861 1006 900 p.
1027 843 1124 887 155.
1155 865 1210 875 --
1240 842 1340 886 Dec.
1365 841 1525 886 Prodr.

210 920 246 962 I.
274 934 320 976 p.
353 919 450 962 1¹70.
480 941 540 951 ν·-
582 923 686 965 Dec.
710 923 823 977 Syst.
855 930 942 964 nat.
971 923 1030 964 ll.
1058 937 1106 978 p.
1136 918 1236 964 348.
1267 921 1400 976 (excl.
1420 920 1526 974 for-

210 1014 289 1039 san
320 1011 416 1040 var.
448 996 517 1052 β.)

155 1071 211 1117 D.
240 1075 390 1116 incana
421 1076 467 1131 β.
504 1074 721 1117 Wahlenb.
754 1076 818 1118 Fl.
850 1091 955 1119 suec.
986 1092 1029 1132 p.
1062 1073 1160 1118 398.

41 1150 154 1194 Hah.
184 1152 236 1193 ad
277 1152 322 1193 ss.
351 1152 538 1204 Tschuja
576 1152 621 1193 in
662 1154 872 1194 umbrosis
915 1152 1021 1208 (B.)
1059 1176 1116 1183 —-
1164 1150 1228 1193 Fl.
1258 1149 1391 1204 Majo,
1420 1149 1522 1192 Jun.

102 1234 165 1276 21..
202 1230 265 1278 0².

154 1306 305 1347 variat
340 1313 383 1346 et
413 1305 517 1346 haec
548 1305 706 1361 species
737 1312 884 1346 exacte
914 1304 976 1344 uti
1008 1302 1063 1345 D.
1093 1307 1343 1355 confusa,
1383 1303 1525 1347 radice

33 1382 121 1424 rbi-
148 1383 238 1423 tri-
265 1383 336 1425 vel
366 1383 564 1439 perenni,
597 1384 716 1422 caule
749 1382 976 1423 humiliore
1007 1382 1079 1423 vel
1107 1383 1308 1435 elatiore,
1342 1397 1525 1433 ramoso,

46 1461 317 1509 subramoso‚
357 1460 491 1500 immo
522 1459 862 1515 simplicissimo,
894 1458 1008 1499 foliis
1040 1459 1226 1499 crebrius
1255 1460 1326 1500 vel
1355 1460 1523 1515 parcius

47 1536 251 1590 dentatis,
281 1538 378 1593 pilis
410 1536 674 1593 simplicibus
706 1536 1010 1593 copiosioribus
1040 1535 1112 1577 vel
1149 1535 1414 1592 paucioribus
1445 1535 1523 1577 ad-

45 1615 214 1670 spersis.
275 1613 493 1656 structura
521 1613 658 1666 floris,
700 1614 888 1654 siliculae
919 1621 961 1655 et
992 1613 1206 1655 seminum
1236 1613 1413 1655 omnino
1436 1611 1523 1657 Dr.

46 1694 321 1745 confusae,
353 1698 593 1734 constanter
622 1698 767 1731 tamen
797 1692 849 1731 ab
879 1690 955 1731 illa
986 1689 1129 1732 differt
1157 1691 1333 1733 siliculis
1363 1690 1521 1745 glabris

44 1771 138 1825 plus
167 1768 367 1810 minusve
398 1768 614 1810 contortis.
675 1765 849 1808 Cultura
880 1774 1056 1824 perstat.

44 1880 126 1926 III.
185 1878 529 1924 DRABELLA.
587 1880 858 1934 Annuae‚
892 1882 1034 1937 pube
1061 1895 1277 1924 ramosa
1307 1887 1357 1922 et
1385 1884 1520 1922 sim-

51 1970 54 1974 ’
93 1964 235 2017 plici
263 1964 528 2011 vestitae,
570 1961 814 2000 caulibus
840 1958 1078 2011 foliosis
1116 1962 1381 2009 ramosis,
1410 1957 1520 2010 so—

101 2039 205 2078 liis
246 2041 579 2092 saepissime
622 2039 872 2078 dentatis
918 2038 1157 2077 caulinis
1200 2035 1517 2088 sessilibus,

93 2114 357 2168 floribus
386 2113 580 2167 flavis
615 2116 703 2154 vel
738 2115 908 2164 albis,
948 2116 1209 2165 stigmate
1244 2114 1455 2154 sessili.

508 2190 550 2232 1.
585 2191 842 2243 floribus
866 2189 1060 2242 flavis.

459 2265 543 2323 ¹10)
589 2267 747 2308 DRABA
776 2280 931 2308 LUTEA.
980 2266 1105 2308 Gilib.

48 2341 111 2391 D.
153 2342 296 2390 caule
338 2359 537 2393 ramoso
583 2345 760 2393 folioso
804 2344 1038 2407 foliisque
1072 2340 1200 2407 pube
1235 2356 1436 2391 ramosa
1470 2349 1520 2389 et

117 2430 235 2494 pilis
271 2429 591 2495 simplicibus
628 2430 1027 2496 pubescentibus,
1064 2430 1201 2479 foliis
1235 2429 1518 2479 acutiuscu-

114 2517 177 2566 lis
213 2517 454 2580 dentatis,
492 2520 708 2568 caulinis
741 2520 927 2580 ovatis,
974 2520 1150 2584 petalis
1187 2516 1519 2583 emarginatis

116 2605 292 2670 calyce
320 2607 473 2671 piloso
505 2608 999 2675 sesquilongioribus,
1034 2607 1248 2656 siliculis
1277 2605 1517 2670 elliptico·

113 2691 339 2759 oblongis
374 2693 896 2763 (20———40-spermis)
916 2695 1115 2763 glabris
1143 2693 1384 2759 pedicello
1408 2690 1519 2743 sub-

116 2778 289 2844 glabro
325 2779 654 2834 brevioribus·
1074 2848 1101 2891 6
1113 2845 1144 2877 a
