1648 2989
428 93 505 144 Cl.
544 96 655 147 XV.
726 95 1142 161 Tetradynamia.
1462 98 1529 147 95

48 219 353 278 speciminibus
383 219 666 270 humillimis)
697 210 975 274 abbreiviatis,
1015 221 1380 277 subcorymbosis‚
1418 237 1527 279 pau-

48 299 216 340 cifloris.

157 374 288 417 Pota
304 376 351 415 la
393 372 582 430 aequalia
600 405 611 426 ‚
652 381 854 427 angusta,
899 374 1201 428 erectiuscula‚
1246 378 1388 432 calyce
1428 379 1528 419 sub-

42 450 173 508 duplo
214 452 404 505 longiora
420 482 432 504 ,
482 452 600 507 apice
639 465 767 508 saepe
809 458 967 495 retusa.
1034 450 1312 494 Glandula
1360 455 1527 496 minuta

42 530 241 585 utrinque
279 528 332 569 ad
371 527 491 568 basin
531 528 848 570 filamentorum
889 529 1146 571 breviorum.
1208 530 1327 571 Fila
1343 539 1527 572 menta

45 614 225 647 setacea.
289 605 498 656 Stigma
538 607 839 661 punctisorme.
903 606 1172 650 Siliculae
1211 615 1413 649 structura
1453 623 1528 662 ge-

41 682 170 724 neris.
229 680 507 723 Valvulae
532 683 617 723 late
648 684 810 724 alatae.-
842 684 921 725 alis
950 698 1082 725 nervo
1112 685 1231 725 tenui
1262 686 1525 738 marginatis.

41 758 531 815 Dissepimentum
571 760 755 811 generis.
823 759 1052 801 Semina
1092 761 1135 801 in
1176 777 1344 818 quoque
1384 763 1524 804 loculo

39 837 289 892 saepissime
319 835 346 875 6
377 836 543 889 (abortu
574 835 791 877 interdum
821 835 1058 893 pauciora),
1089 839 1216 879 sulcis
1248 840 1525 896 periphericis

37 914 258 970 insculpta.
321 913 441 955 Situs
473 912 775 966 cotyledonum
806 921 849 955 et
877 914 1090 956 radiculae
1120 918 1305 968 generis.

37 1024 115 1068 III.
176 1024 611 1069 NEUROTROPIS.
673 1028 916 1070 Silicula
955 1032 1190 1070 valvulis
1221 1045 1318 1085 per
1354 1038 1524 1073 totum.

94 1106 305 1145 dorsum
337 1108 525 1147 alatis:
558 1108 662 1145 alis
692 1108 838 1157 latis,
870 1120 1033 1147 nervo
1063 1111 1521 1163 circumscriptis.

91 1182 290 1234 Stylus
329 1181 532 1223 brevis.
594 1183 810 1223 Semina
847 1185 1051 1227 laevia.
1110 1183 1301 1227 Radix
1338 1202 1521 1227 annua

90 1260 179 1300 vel
208 1260 440 1298 biennis.

360 1338 406 1390 3)
451 1338 644 1388 THLAsm
676 1353 1002 1381 rssnromATUM,
1048 1339 1178 1382 Linn.

36 1417 124 1466 Th.
162 1416 305 1464 caule
342 1425 507 1464 erecto
545 1417 697 1478 (sub)
733 1433 951 1475 ramoso,
988 1418 1166 1479 petalis
1200 1418 1518 1470 lineari-cu-

102 1502 436 1553 neiformibus
486 1506 666 1569 calyce
720 1506 864 1568 paulo
912 1503 1253 1569 longioribus,
1303 1510 1519 1560 siliculis

101 1591 643 1641 obovato-obcordatis
679 1593 710 1641 8
731 1619 797 1627 -
820 1594 883 1641 12
920 1594 1152 1657 sper-mis.

143 1680 227 1721 Th.
259 1681 546 1736 perfoliatum.
595 1681 696 1722 Dec.
728 1681 886 1722 Prodr.
919 1682 957 1722 I.
989 1698 1032 1736 p.
1054 1680 1148 1722 176.
1182 1704 1240 1713 -—
1270 1681 1369 1724 Dec.
1402 1685 1515 1739 Syst.

198 1764 286 1799 nat.
316 1758 373 1797 II.
405 1773 451 1811 p.
472 1757 570 1799 378.
603 1781 660 1790 ——
690 1759 862 1813 Spreng.
896 1760 1012 1812 Syst.
1043 1773 1133 1811 veg.
1165 1758 1228 1800 II.
1256 1775 1300 1814 p.
1326 1760 1426 1802 878.
1459 1785 1516 1792 --

200 1833 272 1876 M.
304 1851 331 1874 a
359 1835 473 1875 Bieb.
506 1835 570 1890 Fz.
616 1844 727 1878 taur.
770 1851 887 1878 canc.
930 1836 987 1876 ΙΙ.
1026 1852 1071 1890 p.
1106 1834 1205 1876 101.
1251 1858 1311 1866 -
1366 1838 1518 1880 Besser

200 1910 282 1952 En.
321 1914 383 1967 pl.
424 1912 553 1955 Volh.
591 1928 636 1967 p.
669 1913 740 1954 26.
792 1934 851 1945 -
907 1912 1015 1953 Falk
1056 1921 1219 1968 topogr.
1259 1914 1408 1968 Bcfytr.
1447 1917 1514 1958 ΙΙ.

198 2003 241 2043 p.
273 1988 374 2029 214.

143 2062 228 2106 Th.
261 2073 532 2108 montanum.
592 2065 784 2106 Schkuhr
814 2072 842 2106 t.
873 2064 1106 2108 CLXXX.
1137 2065 1271 2120 (ex-cl.
1301 2065 1470 2122 synon.)

30 2140 139 2182 Hah.
173 2142 216 2181 in
248 2143 350 2183 locis
390 2142 652 2199 rupestribus
689 2157 820 2199 prope
848 2142 1088 2196 Riddersk,
1130 2143 1264 2198 Sogra
1304 2152 1346 2185 et
1377 2144 1513 2186 Buta-

86 2219 216 2259 kowa
248 2217 359 2271 (L.).
388 2241 445 2250 --
486 2219 550 2260 ΕΙ,
584 2220 720 2276 primo
751 2233 866 2261 vere.
934 2224 996 2268 Θ.
1035 2220 1098 2269 6¹.

143 2294 387 2350 Speeimina
431 2296 673 2351 comparavi
716 2295 979 2349 germanica,
1031 2295 1288 2350 hungarica,
1340 2296 1510 2347 iberica,

31 2371 191 2426 persica
222 2379 266 2412 et
297 2371 476 2424 ahaica,
519 2387 627 2428 quae
669 2374 812 2414 omnia
856 2376 965 2414 bene
1005 2366 1254 2426 congruunt.
1316 2372 1510 2416 Cauiis

33 2458 118 2487 non
149 2449 291 2490 solum
321 2447 364 2489 in
396 2448 698 2506 speciminibus
729 2449 924 2507 persicis,
955 2449 1029 2490 sed
1062 2433 1192 2490 etiam
1221 2450 1265 2490 in
1296 2453 1511 2502 germani-

31 2524 114 2576 cis,
155 2524 420 2578 hungaricis5
463 2525 631 2567 ibex-icis
672 2535 714 2568 et
752 2527 910 2567 altaicis
940 2525 1162 2566 altitudine
1192 2531 1235 2565 et
1263 2528 1509 2569 ramositate

30 2613 157 2654 quam
187 2602 374 2643 maxime
403 2602 553 2644 variat.
614 2602 790 2644 Adsunt
826 2603 872 2644 in
910 2603 1110 2644 herbario
1142 2615 1238 2643 meo
1270 2604 1508 2658 specimina

29 2673 158 2720 6-’8
176 2676 410 2735 pollicari-a,
439 2692 464 2720 a
492 2680 584 2722 basi
614 2676 668 2721 ad
698 2679 863 2738 apicem
893 2693 1028 2736 usque
1055 2692 1238 2732 ramosa,
1267 2679 1383 2722 foliis
1410 2694 1508 2723 ma-

26 2751 209 2810 ioribus,
240 2750 434 2799 distincte
462 2756 718 2811 erenulatis,
750 2757 949 2800 auriculis
980 2754 1186 2811 elongatis
1215 2756 1506 2816 amplexicau-
