1648 2989
140 114 205 164 96
522 111 598 163 Cl.
634 111 746 163 XV.
815 110 1224 177 Tetradynamia.

139 241 264 293 libus,
294 235 470 281 racemis
500 236 770 289 multofloris,
799 236 1025 278 fructiferis
1051 236 1257 289 elongatis
1276 235 1499 289 instructa3
1530 233 1607 276 ad-

140 325 240 359 sunt
266 317 349 357 alia
378 314 630 371 specimina,
661 315 738 355 vix
768 327 816 353 ac
844 327 898 354 ne
928 314 1004 355 vix
1035 312 1209 369 quidem
1238 313 1493 364 humiliora,
1530 310 1606 352 sed

141 392 457 449 simplicissima
487 392 558 432 vel
587 391 751 431 ramulo
776 405 862 431 uno
885 390 1072 431 alterove
1095 389 1213 431 brevi
1243 389 1459 441 instructa,
1490 388 1632 429 soliis²

140 470 379 512 minoribus
408 468 639 509 obsoletius
671 467 918 518 cumulatis,
958 480 1123 507 racemo
1166 466 1355 506 solitario
1393 466 1488 521 plus
1526 463 1608 504 mi-

140 561 278 589 nusve
299 546 494 597 elongato
518 551 696 592 onusta;
727 543 958 598 specimina
979 542 1060 582 alia
1081 542 1349 597 possidemus
1378 543 1425 582 in
1454 540 1609 582 iisdem

139 624 244 665 locis
275 637 368 663 cum
398 620 696 676 speciminibus
727 619 945 660 altioribus
975 618 1152 660 ramosis
1193 620 1393 670 collecta,
1431 630 1608 674 quorum

141 700 336 743 cauliculi
364 699 608 748 filiformes,
639 694 962 751 simplicissimi,
993 696 1168 751 pollices
1198 693 1340 736 3-4
1370 695 1464 746 alti,
1495 694 1609 734 foliis

140 779 220 820 vix
249 777 356 816 ultra
386 772 521 815 2—3
544 774 620 812 lin.
643 772 795 824 longis,
826 772 902 812 vix
931 771 1212 824 denticulatis,
1244 772 1441 813 auriculis
1473 772 1608 810 multo

140 852 378 896 minoribus
425 849 803 907 amplexicaulibus
853 848 1000 889 vestiti
1049 855 1093 888 et
1140 862 1308 890 racemo
1361 830 1607 894 abbreviato

140 927 453 974 6—10-floro
483 925 700 967 terminati
730 931 844 966 sunt.
904 925 1095 965 Petala
1125 923 1188 978 (in
1219 924 1517 981 speciminibus
1547 923 1608 963 al-

140 1007 283 1059 taicis,
313 1005 420 1047 sicut
449 1004 494 1044 in
526 1001 775 1056 germanicis
804 1008 847 1042 et
877 1001 1119 1054 hungaricis
1150 1015 1318 1057 semper
1349 1001 1489 1055 calyce
1519 1013 1609 1040 ses-

142 1084 216 1141 qui
253 1083 387 1124 immo
429 1079 558 1136 duplo
596 1078 810 1130 longiora,
858 1085 1056 1130 angusta,
1107 1085 1266 1130 erecta,
1318 1077 1629 1134 integerrimas

144 1158 414 1204 Glandula
444 1158 622 1208 minuta,
651 1153 814 1203 viridis,
844 1155 1043 1209 utrinque
1072 1152 1124 1194 ad
1147 1152 1264 1193 basin
1293 1154 1609 1194 filamentorum

142 1236 400 1279 breviorum.
460 1232 764 1274 Filamenta
793 1231 1025 1273 filisormia.
1084 1224 1371 1271 Antherae
1400 1230 1605 1281 minutae,

141 1315 303 1364 flavae,
344 1310 436 1351 basi
465 1310 541 1350 vix
575 1307 783 1349 coi-datae.
845 1307 1031 1360 Stylus
1066 1307 1231 1359 brevis,
1272 1308 1300 1361 ᾖ
1331 1307 1405 1346 lin.
1438 1307 1605 1360 longus,

143 1391 344 1443 stigmate
381 1385 653 1442 punctisormi
689 1385 956 1426 terminatus.
1017 1383 1248 1426 Silicula
1286 1384 1332 1423 in
1362 1383 1608 1439 specimini-

140 1469 220 1509 bus
249 1463 408 1505 altaicis
437 1470 480 1504 et
507 1463 681 1519 persicis
709 1463 960 1518 plerumque
992 1459 1283 1515 12-sper1na,
1322 1460 1366 1500 in
1396 1459 1638 1513 germani-fl

144 1545 203 1586 cis
232 1541 401 1598 saepius
430 1539 677 1595 8--sperma.
737 1538 1018 1580 Valvulae
1046 1537 1217 1577 alatae:
1256 1539 1328 1577 αἶα
1360 1551 1487 1591 quam
1515 1537 1609 1577 val-

142 1620 243 1663 vula
273 1617 531 1670 angustiore,
561 1614 635 1656 sed
663 1616 800 1656 multo
829 1615 1002 1666 latiore,
1035 1628 1082 1654 ac
1114 1613 1159 1654 in
1190 1612 1283 1654 Th.
1314 1620 1604 1665 montano,

142 1697 309 1754 apicem
344 1707 494 1736 versus
522 1692 656 1745 magis
687 1705 897 1747 expansa,
933 1704 1102 1745 semper
1141 1703 1273 1730 nervo
1313 1688 1388 1743 (in
1429 1689 1608 1731 siliculis

142 1773 376 1828 junioribus
406 1768 640 1827 pellucido,
671 1769 713 1809 in
744 1770 880 1808 fructu
909 1775 1074 1807 maturo
1105 1766 1415 1807 subincrassato
1445 1766 1606 1822 opaco)
1644 1813 1646 1820 Ι

143 1849 466 1904 circumscripta.
540 1845 1021 1900 Dissepimentum
1059 1851 1101 1883 et
1142 1842 1386 1883 funiculi
1427 1843 1604 1895 generis.

143 1926 369 1969 Semina
398 1923 557 1976 laevia,
588 1920 908 1975 cotyledonibus
940 1927 981 1961 et
1009 1918 1193 1961 radicula
1222 1931 1299 1975 pro
1329 1932 1448 1960 more
1476 1933 1608 1972 gene-

142 2004 200 2046 ris
226 2003 444 2044 instructa.
1645 2035 1646 2038 ,

267 2077 374 2120 Obs.
413 2073 448 2117 I.
506 2073 679 2117 leonem
716 2072 811 2114 Th.
854 2071 1104 2113 montani
1145 2072 1368 2111 Schkuhrii
1416 2069 1468 2111 ad
1510 2069 1602 2113 Th.
1645 2071 1646 2075 ’

143 2154 509 2214 perfoliatum
540 2151 766 2204 duximus,
807 2151 904 2205 quia
944 2150 1086 2204 planta
1116 2148 1409 2187 Schkuhriana
1449 2161 1602 2200 annua,

144 2246 229 2273 non
274 2229 494 2285 perennis,
545 2228 719 2268 siliculis
762 2224 1068 2282 12-spermiS‚
1123 2237 1208 2263 non
1245 2222 1497 2278 4-spermis
1538 2225 1606 2264 in-

144 2313 297 2349 structa
326 2311 415 2358 est3
444 2305 553 2357 stylo
583 2305 779 2356 elongato
809 2316 911 2345 vero
942 2314 1037 2341 cum
1065 2298 1156 2340 Th.
1176 2299 1464 2356 perfoliato
1491 2301 1606 2341 male
1645 2355 1646 2358 Ἴ

143 2382 356 2425 convenit.

263 2457 369 2499 Obs.
398 2452 456 2498 II.
515 2453 589 2496 An
615 2453 705 2496 Th.
737 2452 1095 2495 umbellatum
1125 2463 1148 2490 a
1178 2449 1272 2494 Th.
1302 2450 1605 2506 perfoliato
1642 2468 1643 2489 1

145 2535 248 2578 satis
278 2531 556 2575 distinctum?
600 2531 752 2573 Nonne
781 2529 925 2585 potius
953 2527 1132 2570 varietas
1160 2526 1417 2569 macilenta?

144 2681 223 2723 IV.
283 2676 706 2732 PTEROTROPIS.
764 2675 994 2716 Silicula
1029 2674 1272 2715 valvulis
1302 2686 1403 2726 per·
1438 2680 1604 2716 totum
1645 2698 1646 2709 κ

203 2761 413 2801 dorsum
452 2760 644 2800 alatis:
682 2755 789 2795 alis
831 2753 1107 2805 angustis,
1154 2760 1313 2791 nervo
1349 2749 1447 2789 vix
1485 2750 1601 2790 ullo
