1648 2989
415 101 492 150 Cl.
530 101 639 151 XV.
709 100 1122 165 Tetradynamia.
1397 98 1500 148 4⁴25

37 230 271 295 ambigua
323 226 686 293 sejungendum.
779 228 979 271 Fructus
1036 225 1085 273 S.
1132 242 1159 288 p
1176 242 1200 271 o
1214 226 1229 272 1
1243 243 1277 290 y
1289 242 1316 273 c
1330 242 1355 271 e
1369 241 1394 271 r
1409 240 1435 271 a
1449 224 1497 271 ti

36 317 97 364 ab
131 319 233 363 illis
269 316 317 365 S.
348 317 408 363 Ir
420 315 435 362 i
449 333 474 362 o
489 313 585 362 nis
621 325 664 360 et
699 312 748 361 S.
776 312 809 361 S
823 331 848 359 o
864 331 890 376 p
905 313 935 360 h
951 311 967 359 i
981 329 1008 359 a
1022 329 1047 358 e
1090 324 1340 358 structura
1382 328 1500 374 quo-

35 404 299 452 dammodo
324 403 573 453 recedunt;
610 403 651 447 si
680 417 797 447 vero
828 416 1083 466 comparas
1113 416 1222 446 cum
1253 398 1500 464 fructibus

35 496 253 539 aliarum
297 491 329 539 S
343 490 359 536 i
375 506 396 537 s
410 507 445 553 y
461 506 508 535 m
522 489 551 536 b
564 507 590 536 r
602 489 650 536 ii
693 491 957 553 specierum
968 524 980 544 ‚
1029 485 1233 552 formas
1278 489 1501 534 interme-

34 583 140 627 clias
185 579 457 645 permultas
502 578 709 624 invenies
723 612 735 632 ,
781 593 906 639 quae
948 576 997 625 S.
1033 593 1062 639 p
1077 592 1101 622 0
1113 577 1174 639 ly
1187 591 1215 622 c
1229 592 1253 623 e
1267 593 1293 621 r
1305 592 1331 622 a
1345 576 1436 623 tiu
1449 592 1502 623 m

34 686 142 716 cum
172 668 220 715 S.
256 665 345 712 Iri
360 682 385 711 o
401 683 429 712 n
444 681 470 711 e
513 666 739 727 adprime
782 665 1101 728 conjungunt.
1170 664 1233 708 In
1269 662 1318 710 S.
1353 679 1379 708 Γ
1392 680 1421 708 u
1438 681 1466 710 n
1480 693 1499 701 -

35 757 134 806 cin
152 764 248 802 ato
285 757 429 817 Lag„
464 751 633 798 habitu
668 751 715 799 S.
753 753 939 814 polyc
954 750 1145 806 erati,
1194 750 1409 812 siliquas
1448 751 1502 795 in

34 845 199 892 ancillis
210 839 465 907 foliorum
486 837 783 905 inferiorum
807 840 1077 885 invenimus
1100 836 1370 893 subulatas‚
1397 839 1505 903 pla-

35 934 183 979 centis
217 930 530 975 transversim
571 927 800 973 dilatatis
847 937 892 972 et
934 927 1286 990 dissepimento
1324 927 1504 971 incras-

33 1032 137 1066 sato
153 1034 166 1070 ‚⁴
217 1019 269 1062 in
312 1017 476 1061 axillis
509 1011 765 1079 foliorum
799 1015 1111 1079 superiorum
1144 1030 1261 1060 vero
1298 1015 1506 1076 siliquae

33 1122 175 1171 saepe
207 1114 463 1151 occurrunt
498 1102 654 1149 multo
692 1104 947 1167 longiores
979 1114 1024 1148 et
1052 1100 1369 1167 graciliores,
1402 1100 1506 1148 basi

33 1198 120 1243 viae
154 1194 231 1239 vel
262 1191 397 1236 haucl
433 1193 734 1236 incrassatae
766 1201 809 1236 et
844 1189 953 1235 illis
980 1189 1028 1238 S.
1054 1189 1245 1236 nitidi
1281 1189 1362 1237 vel
1393 1186 1434 1237 C
1448 1206 1473 1235 o
1486 1218 1506 1228 -

38 1286 50 1331 1
67 1301 93 1329 u
114 1298 161 1327 m
179 1299 206 1327 n
224 1296 251 1326 a
264 1296 289 1326 e
322 1280 601 1344 persimiles.
655 1277 703 1325 S.
742 1294 767 1323 o
780 1276 864 1323 ffi
879 1294 905 1324 e
919 1276 936 1323 i
951 1295 978 1324 n
994 1277 1093 1325 ale
1129 1275 1272 1323 habet
1304 1278 1506 1340 siliquas

36 1369 318 1421 subulatas,
367 1364 535 1410 habitu
571 1376 734 1410 autem
748 1399 760 1420 ‚
795 1365 1029 1429 placeatis
1065 1381 1166 1410 non
1200 1365 1426 1410 dilatatis
1462 1376 1507 1411 et

38 1458 384 1522 dissepimento
415 1450 797 1507 membranaceo,
834 1452 968 1497 lzaucl
1003 1454 1285 1508 incrassato,
1320 1469 1427 1498 cum
1458 1453 1506 1501 S.

40 1566 68 1611 p
85 1548 137 1593 ol
152 1563 187 1610 y
203 1561 229 1591 c
242 1560 266 1590 e
279 1560 304 1589 Γ
317 1558 342 1588 a
356 1549 375 1587 t
386 1558 412 1587 o
467 1541 668 1586 minime
720 1542 954 1586 convenit.
1039 1541 1227 1586 Contra
1273 1540 1322 1588 S.
1369 1557 1390 1586 s
1403 1558 1434 1586 u
1446 1540 1474 1587 'b
1487 1570 1506 1578 -

40 1636 175 1683 hast
193 1640 382 1687 atum,
419 1645 483 1676 co
500 1627 1034 1690 ntortuplicatum
1070 1628 1296 1689 aliaeque
1325 1630 1507 1692 species

39 1723 232 1785 siliquis
266 1717 561 1783 cylindricis,
582 1714 698 1761 basi
732 1715 869 1761 haud
905 1717 1183 1761 incrassatis
1218 1716 1285 1759 acl
1319 1715 1368 1764 S.
1403 1713 1446 1763 C
1459 1732 1506 1761 o·

41 1813 99 1859 lu
117 1827 166 1856 m
179 1827 208 1855 n
224 1824 250 1854 a
264 1823 289 1852 e
326 1816 369 1850 et
405 1804 451 1851 S.
485 1822 514 1849 n
529 1802 572 1849 it
588 1802 604 1849 i
620 1803 648 1849 d
662 1821 692 1850 u
709 1820 760 1849 m
800 1806 1001 1850 omnino
1026 1804 1271 1862 accedunt,
1303 1814 1358 1848 at
1383 1816 1508 1850 stru-

41 1912 180 1945 ctura
211 1895 510 1954 siliquarum
546 1892 757 1945 interna,
790 1892 1023 1955 placentis
1057 1892 1295 1937 nimirum
1327 1892 1508 1938 dilata-

41 1988 99 2032 tis
112 2021 124 2041 ‚
167 1998 250 2030 nec
284 1996 385 2026 non
419 1979 756 2041 dissepimento
796 1979 1063 2026 incrassato
1100 1995 1209 2024 cum
1244 1978 1293 2027 S.
1328 1995 1358 2042 p
1372 1996 1396 2025 o
1410 1980 1475 2045 ly
1490 2010 1507 2018 -

45 2092 72 2122 c
86 2092 111 2121 e
124 2091 149 2120 1·
161 2089 186 2119 a
198 2080 252 2117 to
290 2069 445 2114 multo
482 2067 653 2112 melius
689 2067 991 2112 conveniunt.
1045 2065 1094 2114 S.
1130 2065 1192 2113 ni
1208 2064 1299 2112 tid
1312 2084 1343 2113 u
1357 2083 1411 2114 m
1445 2070 1510 2114 si-

45 2165 201 2225 liquas
232 2158 363 2222 gerit
398 2156 493 2201 illis
525 2153 574 2202 S.
611 2152 644 2201 S
657 2169 683 2198 ο
697 2170 726 2216 p
743 2153 775 2200 h
791 2153 807 2199 i
824 2170 851 2200 a
865 2171 890 2200 e
935 2164 979 2199 et
1024 2151 1149 2200 Irio
1162 2172 1192 2201 n
1206 2153 1222 2200 i
1236 2170 1258 2202 s
1302 2155 1509 2220 rigidio-

42 2266 118 2297 res
154 2258 197 2293 et
231 2245 499 2290 crassiores
514 2276 525 2296 ,
561 2241 902 2305 dissepimento
939 2257 1046 2286 cum
1078 2242 1315 2306 placentis
1347 2245 1513 2308 magis

43 2340 307 2384 incrassato
323 2364 334 2385 ,
382 2330 536 2375 multo
572 2340 736 2374 tamen
772 2332 1020 2376 tenuiores
1059 2345 1210 2391 quam
1245 2331 1297 2375 in
1329 2330 1376 2378 S.
1413 2347 1441 2393 p
1455 2347 1480 2376 ο
1492 2361 1511 2368 -

47 2426 355 2487 lyceratO,
392 2416 795 2474 subhastato,
844 2416 1390 2478 contortuplicato
1428 2429 1509 2465 etc.

49 2488 314 2558 Tolluntur
350 2520 467 2568 ergo
504 2504 677 2550 limites
715 2505 831 2549 certi
865 2504 992 2549 inter
1027 2501 1070 2551 C
1085 2503 1115 2550 h
1131 2521 1155 2550 a
1171 2519 1220 2549 m
1236 2519 1263 2551 a
1277 2521 1303 2550 e
1316 2504 1373 2566 pl
1386 2504 1402 2550 i
1416 2523 1446 2552 u
1457 2521 1510 2553 m

55 2599 226 2646 Wazlr.
257 2591 576 2657 (Erysimu
592 2607 642 2637 m
676 2590 802 2636 Linlt
826 2594 934 2645 En„
973 2590 1042 2636 K]
1058 2591 1205 2636 ukia
1221 2606 1271 2636 m
1298 2592 1512 2654 Andrz.)

50 2699 94 2734 et
126 2677 551 2747 sisymbrium
589 2680 875 2725 Auctorum.
930 2677 977 2726 S.
1002 2676 1511 2742 strictissimum,

50 2773 151 2836 jun
168 2787 194 2819 c
210 2788 232 2817 e
249 2787 275 2816 u
291 2784 339 2815 m
355 2803 369 2826 ‚
405 2768 628 2828 aliaeque
658 2765 690 2815 S
705 2766 755 2813 is
768 2784 803 2830 y
816 2766 908 2813 mb
923 2783 948 2812 r
963 2764 1010 2812 ii
1043 2766 1213 2828 species
1246 2768 1510 2832 glandula-
