1648 2989
121 152 218 198 27ss
526 143 601 193 Cl.
639 146 799 205 XVlL
865 141 1179 207 Diadelphia.

234 271 288 313 O.
325 270 501 326 pumila.
563 269 753 307 Decumi.
798 267 948 310 Fredr.
991 267 1049 305 ΙΙ.
1094 282 1139 320 p.
1171 264 1270 306 279.
1311 265 1394 307 No.
1426 266 1493 308 33.
1526 288 1582 300 --2-

291 348 448 388 Ledeb.
478 345 538 385 lc.
569 348 630 400 pl.
665 345 723 385 ΡΙ.
757 357 858 383 ross.
891 346 962 383 alt.
994 345 1145 383 illustr.
1178 350 1207 382 t.
1242 340 1341 383 315.

123 436 232 476 Hah.
267 435 311 474 in
341 431 645 488 campestribus
675 431 825 486 apricis
854 430 905 472 ad
934 430 983 475 ss„
1002 429 1265 482 Tscharysch
1286 426 1380 483 (L.)
1409 436 1452 469 et
1481 426 1580 471 Kan

181 508 292 566 (R).
351 509 413 551 Fl.
444 507 561 560 Mai„
590 507 687 548 Jun.
751 510 815 550 2l-.

237 606 306 646 Ab
337 604 392 646 O.
425 604 750 659 ampullata,
795 602 859 640 cui
889 602 946 641 ita
983 600 1159 650 similis,
1197 608 1245 640 ut
1279 613 1401 651 aegre
1432 597 1585 639 distin-

125 689 295 734 guatur,
331 689 475 721 tamen
507 679 674 719 differre
704 675 892 718 videtur:
932 677 1090 717 foliolis
1121 677 1449 728 angustioribus,
1491 677 1585 714 lon-

125 760 336 810 gioribus,
373 770 497 812 supra
528 755 700 795 demum
730 753 883 805 glabris
921 767 998 792 nec
1028 753 1219 807 utrinque
1249 752 1435 803 sericeis,
1478 766 1586 806 pau-

125 836 305 875 cioribus
335 841 397 884 et,
439 832 537 871 licet
572 830 806 879 rarissime,
846 828 1043 869 3—4i1n
1072 829 1353 879 verticillatis,
1395 827 1584 882 capitulis

125 912 215 951 2-
238 911 264 950 6
295 923 372 949 nec
400 906 674 957 subtrissori53
714 904 997 956 leguminibus
1027 904 1275 956 minoribus,
1307 905 1383 944 vix
1411 904 1582 952 inflatis,

125 988 228 1028 villo
259 984 507 1038 longissimo
538 982 789 1022 densissimo
820 979 1006 1034 undique
1037 980 1225 1020 obtectis.

241 1079 419 1121 Radix
449 1078 657 1129 elongata,
679 1076 926 1127 fusiformis‚
950 1077 1206 1125 subramosa,
1228 1073 1405 1126 lignosa.
1452 1072 1587 1114 Cau-

122 1160 196 1199 lis
228 1159 520 1198 subterraneus
551 1152 833 1193 semiuncialis
868 1165 1000 1205 usque
1038 1150 1091 1191 ad
1124 1151 1328 1190 uncialem
1365 1151 1454 1190 fere
1492 1149 1587 1190 lon-

123 1233 383 1288 gitudinem,
421 1231 715 1279 subramosus,
758 1229 928 1282 petiolis
966 1228 1287 1283 persistentibus
1318 1227 1474 1281 sparsis
1503 1227 1583 1266 im-

122 1311 292 1353 bricatis
322 1315 474 1355 tectus,
507 1305 621 1361 apice
651 1304 845 1344 soliosus.
890 1303 1054 1343 Folia
1083 1304 1215 1358 }-2
1245 1302 1469 1358 pollicaria,
1501 1302 1586 1341 im-

120 1386 411 1443 paripinnata:
443 1383 610 1435 foliolis
639 1383 679 1432 5,
712 1380 751 1431 7,
785 1379 851 1430 11,
882 1380 1129 1435 saepissime
1158 1394 1259 1420 vero
1290 1378 1336 1429 9,
1373 1379 1585 1418 rarissime

123 1471 269 1504 autem
297 1461 496 1500 ternatim
526 1466 597 1497 eut
626 1457 909 1511 quaternalim
940 1456 1216 1505 verticillatis,
1247 1454 1428 1504 sericeis,
1458 1467 1584 1508 supra

123 1539 297 1580 demum
328 1536 505 1588 glabris,
538 1532 1018 1584 oblongo-linearibus,
1058 1532 1214 1582 acutis,
1243 1530 1482 1581 sessilibus,
1514 1544 1584 1569 se-

118 1613 445 1662 miuncialibus‚'
462 1609 782 1666 patentissimis,
815 1606 1024 1648 distantiis
1047 1609 1243 1660 jugorum
1264 1607 1432 1662 saepius
1456 1605 1583 1662 duplo

121 1699 164 1732 et
206 1692 315 1730 ultra
356 1686 625 1739 longioribus.
688 1683 942 1740 Stipulae
980 1683 1090 1724 inter
1128 1698 1173 1724 se
1211 1691 1255 1723 et
1292 1698 1387 1723 cum
1425 1684 1582 1738 petiolo

121 1764 477 1808 subcanaliculato
507 1761 663 1802 sericeo
695 1768 920 1808 connatae,
955 1759 1141 1811 ciliatae,
1172 1759 1403 1810 scariosae,
1443 1760 1582 1814 pellu-

118 1842 260 1892 cidae,
289 1847 410 1880 extus
441 1839 634 1888 sericeas»,
664 1837 777 1877 intus
806 1837 986 1888 glabrae.
1047 1835 1401 1876 Pedunculus
1431 1836 1582 1875 axilla-

117 1919 203 1971 ¹ris,
243 1916 475 1957 semiuncia
505 1927 631 1969 saepe
661 1913 819 1964 minor,
858 1912 1070 1952 interdum
1102 1914 1191 1951 fere
1221 1912 1422 1962 uncialis,
1461 1913 1581 1950 albo-

116 1994 318 2042 villosuS‚
358 1990 690 2040 2——6-florus‚
728 2003 823 2029 cum
855 1989 1036 2043 capitulo
1065 1988 1179 2027 soliis
1208 1989 1455 2043 plerumque
1485 1989 1580 2027 bre-

117 2070 223 2111 vior.
284 2067 351 2108 Pe
366 2066 604 2106 dicellus
634 2065 710 2105 vix
740 2065 897 2104 lineam
926 2065 1092 2116 longus.
1151 2062 1419 2103 Bracteae
1448 2063 1578 2103 folio-

116 2147 170 2186 lis
207 2147 455 2201 plerumque
495 2142 710 2181 breviores
748 2141 1023 2195 latioresque,
1071 2140 1413 2189 albo-villosae,
1459 2138 1577 2178 intus

115 2222 305 2274 glabrae,
349 2218 538 2275 cilia-tae,
576 2218 858 2271 persistentes.
918 2215 1090 2269 Calyx
1119 2213 1296 2253 bracteis
1325 2215 1576 2268 plerumque

114 2297 242 2352 duplo
273 2295 462 2347 longior,
502 2292 838 2342 elbo-villosus,
871 2290 1032 2331 circiter
1063 2289 1348 2330 semiuncialis
1378 2297 1421 2329 et
1449 2291 1574 2345 paulo

111 2374 219 2413 ultra
251 2379 324 2412 aut
352 2370 535 2411 brevior:
567 2366 738 2407 demum
761 2366 943 2417 inflatus,
973 2364 1335 2417 longitudinaliter
1362 2373 1511 2420 ruptus
1532 2373 1575 2406 et

110 2456 211 2488 tunc
242 2447 408 2488 brevior
437 2444 628 2485 videtur:
672 2443 860 2483 dentibus
898 2441 1048 2494 calycis
1079 2442 1181 2482 tubo
1211 2441 1288 2481 vix
1322 2442 1448 2497 triplo
1478 2444 1573 2482 bre-

107 2525 321 2575 vioribus,
353 2520 572 2562 subulatis.
629 2515 856 2559 corolla
894 2518 1101 2568 violacea,
1141 2517 1282 2569 calyce
1324 2517 1401 2557 vix
1437 2515 1570 2572 duplo

105 2600 295 2652 longior,
343 2598 511 2653 saepius
551 2593 699 2647 calycis
743 2593 836 2634 tubi
874 2592 1127 2646 longitudini
1174 2591 1330 2648 duplae
1368 2593 1566 2648 aequalis.

104 2674 385 2715 Vexillum
425 2673 502 2713 alis
541 2671 729 2723 longius,
767 2670 884 2724 apice
913 2669 1248 2722 integerrimum.
1311 2667 1451 2709 Alae
1488 2683 1567 2710 ve-

99 2749 204 2791 xillo
245 2749 483 2791 breviores:
523 2750 679 2789 lamina
716 2746 919 2801 oblonga,
959 2746 1049 2790 basi
1087 2744 1380 2797 semihastata,
1422 2759 1566 2798 ungue
