1648 2989
143 135 234 181 126
513 128 587 177 Cl.
624 129 732 176 XV.
802 126 1212 189 Tetradynamia.

135 273 246 302 rum
279 265 527 300 structura
562 250 623 297 ab
655 250 981 297 Irionibus
1017 265 1207 311 quoque
1239 251 1492 303 recedunt;
1535 262 1587 295 at

135 342 402 407 glandulae
441 340 745 404 lzypogynae
777 353 920 401 saepe
952 338 1039 382 vinc
1074 337 1458 401 dignoscuntur,
1506 354 1585 383 ne-

139 445 228 491 que
263 429 354 474 hae
387 430 557 490 species
591 423 759 471 habitu
792 423 1011 487 gaudent
1043 425 1302 487 peculiari,
1347 442 1496 487 quam
1532 423 1590 470 ob

136 532 239 562 rem
274 515 385 560 illos
419 530 451 557 a
485 528 659 576 genere
692 512 942 574 sejungere
976 526 1076 555 non
1110 511 1280 556 audeo.

270 602 429 645 Genus
455 600 550 647 Sis
562 597 814 662 ymbriu
833 613 880 642 m
919 596 1276 643 characteribus
1307 598 1477 643 allatis
1508 613 1590 641 sa·

136 690 197 734 tis
241 688 533 732 distinctum.
599 685 649 731 A
693 683 1082 741 Malcolmia,
1150 682 1502 747 Hesperide
1546 694 1590 728 et

137 774 441 836 Leptaloo
485 774 726 836 stigmatis
763 783 1008 817 structura
1044 765 1237 837 differt5
1282 788 1315 816 a
1359 772 1590 818 Donto-

138 871 413 909 stemone
440 857 717 925 filamentis
760 856 978 905 omnibus
1015 856 1180 904 liberis
1215 857 1482 929 edentuli&
1530 856 1592 902 ab

138 947 429 1011 Erysimo
465 947 641 992 recedit
675 946 972 1000 indumento,
1001 945 1258 1009 glandulis
1279 927 1592 1009 placentariis

138 1037 284 1082 nullis
327 1035 404 1080 vel
441 1032 661 1079 obsoletis
706 1044 749 1078 et
783 1034 968 1094 siliquis
1005 1033 1322 1078 teretiusculis
1359 1031 1593 1078 suhhexa-

136 1124 299 1186 goniS,
333 1138 583 1182 nunquam
617 1121 898 1183 tetragonis,
935 1119 1249 1182 (Erysimi
1283 1122 1452 1183 species
1484 1136 1592 1183 per-

135 1225 319 1273 paucae
368 1209 662 1269 siliquarum
701 1208 883 1270 sorma
929 1223 1037 1251 cum
1081 1205 1466 1270 Sisymbriis
1522 1209 1592 1250 ita

138 1298 437 1349 conveniunt,
473 1305 526 1339 ut
558 1306 753 1358 praeter
790 1293 1010 1340 habitum
1044 1305 1088 1340 et
1113 1295 1379 1358 glandulas
1403 1294 1591 1358 placen-

136 1384 289 1428 tarias
323 1399 355 1426 a
391 1380 739 1444 Sisymbrio
772 1383 859 1426 vix
895 1382 1115 1445 dignosci
1147 1382 1367 1444 possint.)
1402 1383 1451 1426 A
1483 1380 1591 1443 Sy-

136 1469 348 1526 renia,
398 1467 818 1514 Smelowskia
874 1479 919 1513 et
960 1467 1022 1512 ab
1066 1468 1444 1513 Eutremate
1491 1467 1593 1515 Si-

139 1553 493 1618 symbrium
531 1552 884 1599 characteribus
918 1554 1052 1599 haud
1087 1552 1261 1599 levibus
1289 1554 1593 1607 distinctum,·

135 1646 223 1688 vix
257 1652 420 1685 autem
454 1637 515 1684 ab
548 1639 829 1688 Alliaria
864 1642 1209 1706 dissepimento
1231 1638 1482 1706 firmiori,
1527 1658 1594 1688 se-

137 1727 343 1774 minibus
378 1724 644 1771 minorihus
681 1726 889 1772 laevibus
925 1739 968 1773 et
995 1725 1240 1790 funiculis
1260 1724 1596 1793 filiformibus

136 1817 263 1861 satis
292 1808 470 1879 differt.
519 1815 708 1876 Species
742 1811 996 1876 albiflorae
1021 1815 1086 1859 ad
1110 1813 1420 1862 Arabides
1455 1833 1593 1880 mag-

137 1917 316 1965 nopere
359 1900 609 1955 accedunt,
655 1901 765 1955 sed,
808 1914 1006 1965 praeter
1045 1903 1287 1947 seminum
1331 1899 1592 1965 fabricam,

139 1989 271 2034 notis
302 1985 625 2048 sequentihus,
663 2004 762 2033 non
795 1990 959 2033 solum
992 1990 1044 2034 in
1076 1989 1249 2051 fructu
1284 2001 1480 2035 maturo
1515 1991 1594 2035 vel

140 2077 192 2120 in
233 2075 408 2138 planta
449 2075 586 2127 viva,
633 2075 720 2119 sed
765 2077 910 2120 etiam
955 2079 1006 2120 in
1046 2077 1168 2120 sicco
1217 2086 1260 2120 et
1305 2091 1363 2119 ecc
1397 2077 1594 2138 siliquis

140 2161 444 2212 immaturis,
479 2161 648 2204 Statim
683 2161 743 2206 al)
778 2161 1057 2208 Arabide
1093 2163 1414 2224 dignoscitur.
1487 2165 1595 2208 Sili-

141 2264 264 2310 quae
290 2246 630 2294 Arabidum
670 2250 798 2293 enim
831 2249 1176 2311 dissepimento
1209 2263 1400 2313 semper
1424 2251 1593 2314 paral-

142 2335 572 2396 leli-compressae
618 2345 661 2378 et
702 2336 939 2397 placentis
983 2337 1296 2398 marginatae
1338 2348 1485 2389 sunt5
1541 2338 1593 2382 in

141 2420 528 2483 Sisymbriis
582 2431 745 2465 autem
797 2422 1141 2482 dissepimento
1196 2425 1442 2468 contrarie
1492 2440 1593 2468 mo-

141 2509 240 2552 dice
274 2521 592 2572 compressae,
628 2507 941 2553 valvularum
977 2505 1147 2554 carina
1179 2510 1301 2570 (non
1331 2510 1592 2574 placentis)

143 2595 336 2639 cinctae.

146 2693 256 2734 Sect.
286 2692 322 2732 I.
381 2690 602 2733 NORTA.
659 2692 877 2733 Racemz‘
924 2698 1151 2748 aphylli.
1209 2697 1402 2737 Flores
1437 2693 1593 2746 flavi

254 2771 336 2808 vel
384 2772 707 2809 ochi-eleuci.
781 2769 963 2824 Calyx
1003 2775 1237 2826 patulus.
1308 2771 1591 2812 Glandula
