1648 2989
502 81 578 130 Cl.
619 84 777 133 XVll.
849 85 1166 149 Diadelphia.
1470 94 1568 141 295

198 205 254 246 A.
288 205 491 258 syriacus.
553 208 662 247 Pau.
696 212 741 247 it.
775 206 833 246 ΙΙ.
864 224 908 260 p.
942 210 1038 250 559.

196 282 448 333 Astragalus
490 284 676 323 caulibus
728 285 1113 336 recumbentibus,
1168 286 1414 341 pedunculis
1456 292 1558 332 solio

254 358 525 410 longioribus,
558 299 866 414 spicisssvatis,
897 362 1173 413 glaberrimis.
1225 363 1356 405 Gmel.
1388 366 1447 406 Fl.
1478 370 1552 408 sib.

254 435 335 474 1V.
365 452 408 489 p.
441 435 512 477 41.
544 445 574 478 t.
606 437 733 477 XIX.

82 498 191 553 Hah.
223 511 267 552 in
300 512 501 552 subsalsis
538 513 724 554 humidis
764 511 814 554 ad
856 513 899 553 fl.
930 511 1197 555 Kurtschum
1235 524 1276 556 et
1306 517 1552 558 Ablaikitka

137 590 180 629 in
212 588 257 629 ss,
289 586 452 639 Irtysch
483 589 713 630 influentes
736 587 859 645 (M),
893 589 944 630 ad
975 590 1018 629 fl.
1053 588 1153 630 Kan
1175 591 1266 644 (B.)
1295 601 1338 633 et
1364 593 1552 646 Tigera'k

136 662 287 719 (Pali.)
324 665 389 705 Fl.
420 665 516 705 Jun.
550 666 633 706 Jul.
702 670 765 711 23..

191 742 262 780 Ab
293 741 348 782 A.
383 741 740 794 adsurgente,
779 743 844 782 cui
875 741 1001 783 valde
1026 743 1185 794 affinis,
1220 744 1358 784 differt
1388 754 1550 798 praeter

76 818 230 858 florum
261 819 447 858 colorem
479 817 705 874 pallidum,
738 820 846 859 inter
876 820 1160 859 albescentem
1193 828 1234 859 et
1265 822 1549 861 coerulescen—

75 904 160 935 tem
192 896 462 948 ambiguum,
507 897 684 936 bracteis
727 896 986 936 brevioribus
1019 896 1320 951 latioribusque
1361 904 1401 937 et
1431 899 1547 949 legu-

74 972 263 1012 minibus
294 974 459 1013 ratione
491 975 641 1026 calycis
671 972 930 1023 longioribus
962 972 1339 1013 subbilocularibus
1364 975 1548 1028 plerum-

74 1063 156 1103 que
186 1049 342 1099 nigro·
369 1052 480 1097 (raro
512 1051 608 1089 albo
623 1050 663 1098 -)
696 1048 856 1104 pilosis.

184 1125 256 1165 An
295 1124 409 1165 idem
454 1140 500 1166 ac
537 1126 596 1167 A.
629 1124 877 1179 microph
894 1123 1036 1177 yllus
1067 1123 1196 1164 Linn.
1234 1124 1362 1173 (exet.
1393 1138 1543 1178 synon.

75 1200 275 1253 le'lld.)?
304 1223 360 1230 -
389 1201 462 1244 An
491 1203 545 1243 A.
578 1201 889 1243 Laxmanni
916 1199 1038 1254 Jacq.
1070 1201 1120 1239 ab
1152 1200 1232 1240 hoc
1261 1197 1489 1241 diversus?

389 1315 435 1364 4)
481 1318 776 1356 Asmioims
807 1326 1114 1354 mmsricAoms.
1162 1328 1214 1352 m.

69 1392 133 1439 A.
169 1392 455 1441 caulescens
498 1402 772 1457 prostratus
811 1391 888 1438 vel
926 1388 1226 1437 adscendens
1260 1388 1538 1452 piloso-pu-

133 1480 356 1540 bescens,
393 1480 589 1545 stipulis
627 1478 1032 1527 membranaceis
1068 1475 1315 1524 concretis
1351 1476 1536 1539 opposi-

135 1567 338 1627 tifoliis,
379 1569 563 1617 foliolis
600 1566 825 1632 oblongis
872 1564 1159 1613 obovatisve
1207 1562 1538 1626 emar-ginatis

135 1656 479 1720 5-8-jugis‚
517 1655 738 1704 racemis
774 1652 1103 1709 abbreviatis,
1140 1648 1431 1713 pedunculis
1465 1648 1535 1696 fo·

128 1744 259 1791 lium
294 1745 440 1808 longe
474 1742 848 1807 superantibuS,
890 1739 1105 1787 bracteis
1148 1737 1386 1800 pedicello
1431 1737 1534 1783 Ion-

133 1831 374 1897 gioribus,
411 1831 673 1896 calycibus
700 1830 877 1894 nigro-
913 1828 994 1875 vel
1028 1823 1365 1888 albo-pilosis,
1398 1825 1532 1887 legu-

133 1918 357 1967 minibus
392 1919 573 1967 erectis
615 1916 892 1966 racemosis
933 1913 1120 1981 glabris
1164 1912 1533 1974 ovato-trique-

132 2007 224 2056 tris
260 2006 566 2055 abbreviatis
609 2001 1098 2054 semibilocularibus
1130 2001 1329 2062 (loculis
1361 2015 1528 2047 mono-

130 2094 380 2161 spermis).

174 2182 232 2225 Α.
270 2182 542 2223 multicaulis.
611 2182 765 2222 Ledeb.
809 2180 870 2220 Ic.
908 2179 970 2233 pl.
1014 2176 1073 2216 FI.
1114 2189 1221 2216 ross.
1261 2177 1333 2213 alt.
1374 2172 1521 2210 illustr.

232 2268 263 2300 t.
294 2256 392 2300 316.

62 2340 171 2385 Hah.
192 2338 237 2377 in
267 2337 432 2376 lImosis
453 2337 575 2376 salsis
596 2335 744 2390 apricis
766 2330 922 2373 deserti
941 2326 1115 2370 Kuraici
1137 2329 1251 2376 juxta
1276 2321 1319 2362 ss.
1343 2320 1524 2370 Tschuja

117 2413 310 2469 expansi,
340 2426 417 2452 nec
448 2395 534 2452 non
565 2412 775 2453 similibus
805 2408 906 2449 locis
937 2405 989 2446 ad
1018 2401 1180 2446 fl.Kau
1211 2397 1302 2453 (B)
1331 2396 1394 2438 Ft.
1423 2394 1522 2446 Maj.

115 2492 212 2533 Jun.
277 2492 341 2533 24».

171 2563 346 2607 Radix
375 2564 550 2616 lignosa,
574 2571 722 2611 crassa,
747 2558 988 2615 cylindrica‚
1004 2556 1118 2595 intus
1138 2552 1382 2599 flavescens,
1403 2547 1522 2602 apice

63 2657 191 2700 saepe
220 2643 264 2682 in
294 2648 435 2682 ramos
465 2641 606 2695 plures
634 2638 906 2693 multicipites
935 2633 1071 2672 caules
1101 2628 1340 2669 emittentes
1370 2622 1520 2664 divisa.

67 2721 272 2762 Caules
311 2718 451 2775 plures
462 2749 477 2769 ,
524 2716 720 2773 prostrati
759 2715 828 2761 yel
871 2706 1192 2757 adscendentes,
1239 2703 1316 2744 sub
1355 2698 1522 2740 anthesi
