1648 2989
414 113 492 164 Cl.
530 114 640 164 XV.
712 111 1126 176 Tetradynamia.
1416 113 1514 162 129

35 242 286 288 aridioribus
316 241 568 297 plerumque
604 237 739 291 magis
779 244 823 278 et
859 235 1111 295 profundius
1149 234 1348 278 dissecta.
1408 235 1512 277 Ra·
1556 232 1560 235 ’

35 320 168 364 cemi
198 321 450 376 plerumque
479 315 679 369 elongati,
711 314 881 367 virgati,
915 327 1082 369 semper
1111 313 1282 368 aphylli.
1341 305 1512 355 Pedi-

36 397 167 439 celli
201 396 445 446 filiformes,
488 390 663 444 1{—·3
693 392 770 434 lin.
800 391 942 444 longi3
979 390 1206 442 fructiferi
1244 397 1512 447 erecto-pa·-

35 475 134 526 tuli,
173 474 424 529 plerumque
461 469 621 523 glabri,
662 469 796 509 rarius
833 466 965 507 dense
1006 466 1079 507 vel
1115 466 1281 521 parcius
1323 467 1506 511 barbati.

33 550 224 593 Flores
263 549 308 590 in
340 546 462 588 siccis
492 545 597 588 locis
629 545 796 601 saepius
826 544 952 595 flavi,
994 542 1039 582 in
1068 541 1382 583 humidioribus
1412 545 1511 599 pal-

32 629 205 669 lidiores
233 626 304 668 vel
334 622 590 665 ochroleuci.
654 622 860 677 Sepala
889 621 1141 676 plerumque
1171 619 1336 672 glabra,
1376 621 1513 662 rarius

32 703 188 761 pilosa,
217 702 386 758 patula,
418 698 631 740 interdum
662 706 829 750 erecta,
862 699 1066 750 oblonga,
1097 696 1412 748 obtusiuscula,
1456 709 1514 737 ex

33 780 163 822 viridi
191 778 488 829 flavescentia,
528 776 611 815 cito
642 774 842 825 decidua,
888 773 972 814 duo
1003 773 1091 813 basi
1123 773 1198 815 vix
1227 773 1373 826 gibba,
1414 779 1515 813 ante

34 856 349 898 florescentiam
372 855 492 911 apice
514 852 747 892 imbricata.
792 850 987 892 Petala
1018 850 1320 903 unguiculata:
1352 852 1514 890 lamina

36 935 237 983 obovata‚
280 932 452 987 patula,
495 928 755 981 emarginata
786 929 857 969 vel
886 928 1174 979 integerrima.
1236 923 1515 967 Glandula

37 1010 252 1051 annularis
282 1007 333 1048 ad
366 1007 484 1048 basin
515 1006 830 1046 filamentorum
860 1005 1130 1058 breviorum3
1162 1016 1310 1056 margo
1333 1000 1516 1055 glandu-

36 1088 153 1129 losus
182 1084 345 1137 viridis,
377 1084 572 1125 ovarium
603 1083 777 1132 cingens
808 1089 850 1121 et
879 1082 1062 1122 stamina
1092 1081 1285 1133 longiora
1314 1079 1513 1120 fulciens.

36 1163 341 1204 Filamenta
371 1163 519 1214 libera,
550 1166 731 1210 setacea,
764 1157 978 1198 edentula.
1039 1157 1328 1197 Antherae
1358 1155 1515 1208 flavae,

39 1241 270 1290 oblongae,
309 1238 544 1290 sagittatae.
606 1234 872 1276 Ovarium
904 1247 1030 1289 supra
1060 1241 1199 1273 torum
1232 1233 1402 1285 sessile,
1442 1247 1517 1286 cy·-

39 1317 277 1358 liudricum.
347 1315 548 1367 Stylus
585 1312 751 1362 brevis,
795 1324 973 1352 crassus.
1045 1309 1259 1362 stigma
1300 1312 1518 1361 majuscu-

41 1395 144 1446 lum,
175 1392 418 1448 capitatum,
452 1390 737 1431 subbilobum.
801 1387 1023 1442 Siliqua
1061 1386 1359 1438 erectiuscula,
1393 1386 1519 1426 elon-

44 1478 160 1523 gata,
189 1469 374 1522 gracilis,
407 1466 684 1519 glaberrima‚
719 1464 1281 1515 hexagono-teretiuscula,
1313 1462 1520 1503 bilocula..

43 1547 120 1599 ris,
158 1545 367 1596 bivalvis,
406 1541 769 1595 longitudinaliter
800 1539 1042 1581 dehiscens.
1101 1538 1390 1580 Valvulae
1420 1539 1521 1580 her·-

44 1625 209 1675 baceae‚
240 1622 392 1663 leviter
423 1633 643 1672 concavae,
675 1619 817 1659 nervis
843 1618 978 1657 tribus
1008 1614 1386 1669 longitudinalibus
1416 1616 1522 1656 sub·-

45 1700 293 1755 aequalibus
330 1698 587 1745 instructae3
625 1695 870 1735 lateralibus
907 1693 1110 1734 ramosis:
1152 1692 1280 1732 ramis
1319 1691 1523 1747 simplici-

45 1778 145 1828 bus,
187 1776 356 1830 oblique
386 1787 480 1815 cum
511 1774 650 1813 carina
680 1779 723 1813 et
753 1771 1021 1813 valvularum
1052 1769 1241 1822 margine
1273 1776 1521 1810 anastomo-

10 1853 255 1909 ⁴„nantibus
315 1851 606 1893 Placentae
635 1849 882 1899 filiformes,
921 1860 1071 1888 versus
1100 1846 1220 1887 basin
1251 1846 1522 1897 incrassatae,

48 1928 174 1971 dorso
224 1927 450 1968 rotundato
501 1925 616 1966 haud
662 1924 974 1981 prominentes.
1038 1922 1525 1979 Dissepimentum

51 2014 199 2058 tenue,
229 2005 599 2054 subchartaceum,
639 2002 923 2057 completum,
956 2013 1137 2051 enerve,
1167 2000 1322 2040 areolis
1352 1997 1526 2040 lineari-

50 2085 129 2125 bus
176 2080 541 2134 longitudinaliter
588 2078 752 2120 seriatis
802 2076 1052 2130 insignitum
1095 2082 1138 2117 et
1179 2075 1525 2119 excavationibus

51 2158 165 2200 haud
205 2157 427 2214 profundis
468 2153 873 2207 subtriangularibus
910 2154 1180 2194 instructum.
1255 2153 1325 2194 Fu
1341 2148 1524 2193 niculi

53 2235 430 2285 umbilicales,
469 2234 616 2285 liberi,
659 2232 891 2288 capillares.
953 2227 1173 2271 Semina
1211 2244 1342 2286 parva
1382 2234 1424 2268 et
1453 2239 1525 2267 co·-

54 2313 174 2369 piosa
202 2312 249 2352 in
269 2310 617 2352 excavationibus
639 2307 930 2365 dissepimenti
951 2306 1099 2358 locata,
1131 2306 1388 2356 uniserialia,
1418 2316 1528 2358 pen-

57 2389 175 2441 dula,
218 2389 400 2440 oblonga
428 2388 501 2430 vel
527 2387 730 2461 elliptica²
763 2397 890 2440 saepe
919 2369 1148 2435 angulata:
1191 2390 1296 2424 testa
1326 2379 1526 2428 coriacea,

57 2467 168 2508 flava
196 2465 268 2506 vel
298 2465 482 2517 subrufa,
512 2464 640 2506 laevi.
689 2459 1070 2515 Cotyledones
1099 2466 1144 2501 et
1173 2457 1420 2501 radicula
1449 2462 1527 2512 pro

60 2556 178 2585 more
207 2542 389 2594 generis.

201 2653 248 2706 2)
291 2652 575 2696 SrsYMBRmM
604 2664 1004 2695 nRAssrcAEronME.
1052 2649 1099 2691 G.
1130 2644 1193 2690 A.
1223 2644 1389 2701 Meyer.

64 2740 115 2790 S.
160 2741 527 2803 glaberrimum
572 2743 920 2806 glaucescens,
968 2735 1113 2786 caule
1158 2741 1350 2794 erecto,
1395 2727 1532 2780 foliis

132 2838 221 2868 Flora
240 2841 356 2871 allaica.
386 2841 446 2874 111,
1124 2819 1153 2861 9
