1648 2989
93 133 194 182 348
497 126 574 179 Cl.
612 130 768 180 XVII.
838 129 1155 196 Diadelplzia.

147 255 199 296 ad
228 254 273 297 ss.
302 251 464 308 Irtysch
497 250 630 306 (M.)‚
675 253 719 294 in
759 261 905 296 monte
937 252 1100 296 Gleden
1143 255 1254 296 inter
1287 257 1482 307 Smejow
1514 262 1554 295 et

148 327 368 384 Kolywan
397 328 513 385 (B.);
543 343 676 387 prope
703 329 888 371 Barnaul
918 329 1118 386 (Patr-in).
1149 331 1461 387 F}.Jul.,Aug.
1495 335 1557 376 23..

205 408 367 450 Foliola
396 407 558 463 petiolo
590 407 707 448 brevi
737 407 877 464 piloso
910 408 1097 450 suffulta.

530 518 578 570 6)
617 519 752 560 V1crA
782 534 1004 565 LILAGINA.
1051 538 1108 564 m.

94 616 158 667 V·
188 616 332 664 caule
362 614 531 674 debili,
563 615 748 664 foliolis
777 616 1008 679 (9—16)
1038 614 1461 680 ovato-elliptiois
1491 615 1558 662 al-

162 703 319 751 ternis
353 703 650 766 oppositisve
681 704 991 752 mucronatis
1028 706 1196 753 subtus
1230 705 1457 768 adpresse
1489 702 1558 765 pi-

159 790 348 850 losulis,
383 790 525 838 venis
560 792 1069 851 anastomosantibus,
1104 791 1301 855 stipulis
1337 788 1560 852 oblongis

161 876 469 927 acuminatis
497 876 685 926 ciliatis
713 877 925 943 integris
955 880 1035 926 vel
1059 878 1456 943 semisagit-tatis,
1480 893 1560 940 pe-

160 963 394 1012 dunculis
430 964 720 1012 multifloris
755 964 937 1012 folium
972 966 1335 1028 superantibus,
1372 963 1558 1012 vexillo

157 1052 391 1101 carinam
427 1060 691 1114 superante
728 1051 820 1099 alis
864 1052 1207 1112 subbreviori‚
1250 1053 1396 1117 stylis
1441 1051 1560 1114 pilo-

158 1139 228 1188 sis
262 1138 603 1205 leguminibus
638 1138 863 1205 oblongis
899 1139 1198 1204 compressis
1228 1139 1416 1206 glabris
1451 1137 1561 1187 sub-

163 1225 465 1290 trispermis.

209 1313 267 1354 V.
296 1313 478 1355 lilacina.
522 1314 679 1356 Ledeb.
708 1315 770 1356 Ic.
799 1317 860 1370 pl.
889 1313 956 1358 Fl.
985 1327 1093 1356 ross.
1125 1317 1200 1356 alt.
1229 1316 1379 1355 illustr.
1410 1318 1442 1352 t.
1461 1307 1561 1350 366.

96 1391 204 1432 Hah.
227 1390 271 1430 in
295 1389 506 1431 montosis
528 1390 716 1432 herbidis
747 1392 888 1443 rarior,
919 1406 962 1433 v.
985 1405 1044 1444 gr.
1068 1405 1198 1447 prope
1216 1386 1563 1430 Alexandrowsk

153 1466 205 1508 ad
234 1467 279 1508 fl.
310 1465 474 1520 Irtysch
504 1466 629 1522 (M,),
662 1466 714 1509 ad
743 1468 788 1509 fl.
819 1467 1085 1521 Tscharysch
1115 1464 1227 1520 (Lu)
1267 1465 1331 1506 Fl.
1361 1464 1462 1506 Jun.
1496 1466 1561 1506 21..

211 1542 372 1585 Affinis
402 1544 502 1584 hinc
531 1543 587 1585 V.
623 1542 858 1585 Graecae
887 1545 1002 1584 illinc
1033 1544 1089 1586 V.
1125 1542 1324 1584 bienni.
1383 1539 1562 1581 Radix

97 1620 316 1678 perennis.
374 1620 559 1661 Herba
586 1621 696 1662 laete
725 1622 884 1663 virens.
945 1619 1148 1661 caules
1178 1617 1356 1668 ramosi,
1388 1616 1560 1666 debiles,

97 1694 506 1753 13—4-pedales,
547 1696 715 1738 inferne
751 1695 932 1738 subinde
969 1711 1088 1738 ramo
1128 1695 1241 1737 aucti
1275 1694 1348 1736 vel
1389 1691 1562 1733 omnino

99 1774 331 1829 simplices,
362 1773 781 1826 sulcato-angulati.-
809 1773 974 1826 angulis
1003 1772 1167 1814 duobus
1197 1770 1402 1827 oppositis
1431 1768 1563 1819 magis

99 1850 454 1907 prominentibus.
512 1849 667 1890 Folia
707 1851 870 1892 sessilia
911 1850 1060 1890 foliolo
1090 1849 1238 1889 infimo
1278 1846 1385 1886 cauli
1419 1852 1565 1886 exacte

101 1925 409 1984 approximato.
467 1926 677 1969 Foliola
706 1928 875 1983 saepius
903 1927 1095 1983 imparia,
1125 1932 1200 1965 aut
1221 1923 1364 1964 omnia
1394 1922 1566 1972 alterna,

103 2010 177 2044 aut
206 2010 384 2058 excepto
413 2002 563 2043 infimo
586 2003 793 2059 opposita,
826 2002 1202 2058 ovato-elliptica,
1231 2000 1566 2045 membranacea,

103 2079 303 2135 utrinque
332 2078 478 2130 glabra
508 2080 579 2120 vel
607 2079 708 2135 pilis
736 2080 842 2120 raris
873 2077 1055 2123 subinde
1093 2075 1312 2132 adspersa,
1349 2074 1564 2132 petiolata,

103 2155 229 2197 venis
259 2155 685 2207 anastomosantibus,
716 2170 793 2196 nec
821 2164 867 2196 ut
895 2155 939 2196 in
961 2154 1019 2196 V.
1043 2151 1231 2194 Graeca
1260 2151 1402 2192 nervis
1424 2151 1567 2205 paral-

105 2234 203 2274 lelis
239 2231 502 2287 simplicibus
539 2230 752 2286 praedita,
804 2232 959 2272 ciliata.
1035 2227 1255 2271 Petioli
1293 2226 1564 2282 pilosiusculi.

104 2309 364 2365 stipulae
392 2308 620 2359 oblongae,
661 2307 952 2354 acuminatas,
983 2303 1172 2354 ciliman,
1205 2301 1332 2343 modo
1362 2303 1568 2356 integrae,

106 2384 236 2428 modo
268 2384 629 2437 semisagittatae:
674 2385 766 2423 lobo
797 2381 991 2433 inferiori
1021 2379 1200 2421 subinde
1231 2378 1290 2420 1-
1317 2381 1389 2430 vel
1420 2377 1568 2419 biden-

106 2463 215 2514 tato',
255 2458 546 2513 magnitudine
584 2457 708 2499 valde
745 2457 905 2499 variae.
964 2454 1034 2510 (In
1064 2458 1186 2498 horto
1215 2457 1350 2496 multo
1381 2456 1568 2496 minores

107 2537 295 2580 evadunt
323 2549 451 2592 quam
479 2535 524 2576 in
555 2536 699 2590 planta
717 2531 984 2590 spontanea.)
1028 2531 1327 2574 Pedunculi
1358 2546 1431 2586 pro
1451 2546 1569 2572 more

109 2612 275 2667 generis
298 2611 507 2663 axillares,
539 2611 642 2652 folio
664 2611 887 2663 longiores.
938 2608 1155 2652 Racemi
1186 2608 1419 2661 multiflori,
1450 2608 1570 2648 elon-

112 2690 209 2743 gati.
271 2686 446 2743 Calyx
477 2689 816 2744 campanulatus,
845 2688 1077 2736 coloratus,
1107 2686 1250 2737 glaber
1277 2686 1347 2725 vel
1382 2682 1476 2739 pilis
1505 2698 1572 2724 ra-

113 2767 171 2807 ris
214 2762 427 2820 adpressIs
469 2764 655 2806 obsitus:
707 2765 895 2807 dentibus
934 2761 1250 2819 inaequalibu53
1295 2762 1572 2814 superioribus
