1648 2989
396 103 485 162 CI.
521 105 633 157 XV.
703 103 1120 170 Tetradynamia.
1442 109 1510 158 89

90 247 132 275 α.
177 230 503 282 variifolia:
547 229 662 270 soliis
704 229 798 270 aliis
840 231 1036 284 serratis,
1078 232 1173 273 aliis
1211 231 1376 288 incisis,
1415 233 1511 276 aliis

172 307 419 362 pectinato-
433 306 779 363 pinnatipartitis.

142 383 406 424 Nasturtium
438 383 702 438 amphibium
733 383 776 438 β.
809 383 911 425 Dec.
946 387 970 425 l.
1004 398 1042 426 0.

84 460 131 515 β.
176 463 452 501 indivisa:
494 460 612 499 foliis
644 460 839 500 omnibus
873 461 1046 501 serratis
1076 459 1368 502 subincisisve.

144 535 409 577 Nasturtium
440 537 706 592 amphibium
737 552 777 578 α.
809 537 913 577 Dec.
947 540 972 577 2.
1007 552 1042 578 c.

32 613 144 658 Hab.
175 629 217 656 α.
249 613 294 653 in
335 612 455 667 aquis
497 613 793 666 stagnantibus
824 615 894 654 vel
925 614 1041 653 lente
1070 613 1328 667 fluentibu³3
1371 614 1415 668 ῥ’.
1458 613 1512 656 ad

89 690 204 745 ripas
233 688 489 741 fluviorum,
527 690 572 729 in
602 689 728 729 fossis
769 696 812 729 et
839 689 1068 745 paludibus
1098 699 1259 732 aestate
1291 691 1512 731 subexsic-

90 766 205 818 catis,
236 765 290 807 ad
320 765 363 807 fl.
388 764 541 806 Bekun
573 773 615 807 et
644 763 811 820 Irtysch
843 766 963 822 (M),
996 782 1129 824 prope
1157 766 1372 808 Riddersk
1402 766 1510 822 (Lu)

92 846 155 888 21..
204 841 268 885 ΕΙ.
300 849 474 884 aestate.

147 919 273 961 Var.
307 935 349 962 α.
379 917 670 970 variisolia
699 920 849 975 procul
879 918 1007 960 dubio
1037 926 1103 961 est
1131 922 1268 960 forma
1297 920 1510 976 primaria,

32 996 76 1037 in
106 996 231 1037 fossis
260 997 440 1052 aliisque
469 997 575 1038 locis
605 1003 801 1052 tempore
826 999 992 1038 vernali
1023 1011 1131 1052 aqua
1160 997 1382 1038 inundatis
1412 1012 1512 1053 pro-

34 1087 242 1125 crescens,
284 1081 446 1114 aestate
477 1087 579 1115 vero
610 1074 752 1129 planta
783 1073 827 1114 in
857 1073 1008 1115 iisdem
1038 1074 1165 1127 locis,
1207 1089 1285 1130 pro
1316 1082 1512 1131 tempore

32 1151 126 1204 plus
158 1151 356 1192 minusve
385 1150 630 1201 exsiccatis,
661 1151 762 1191 solia
795 1153 954 1207 profert
984 1152 1052 1193 vel
1082 1152 1224 1193 minus
1255 1152 1409 1204 incisa,
1440 1152 1512 1193 vel

31 1228 160 1284 plane
187 1227 387 1268 indivisa.

144 1303 491 1346 Nasturtium
523 1304 855 1360 amphibium
885 1310 928 1345 et
957 1311 1143 1344 natans
1175 1302 1227 1344 ad
1252 1301 1512 1345 Cochlea-

33 1381 146 1423 rias
176 1380 390 1432 duximus,
423 1378 521 1435 qt'xia
552 1383 756 1422 foliorum
786 1381 945 1434 indole,
976 1394 1053 1420 nec
1083 1395 1170 1420 non
1191 1380 1348 1421 florum
1378 1388 1422 1421 et
1451 1381 1513 1422 si-

32 1458 254 1500 lieularum
276 1464 495 1510 structura,
526 1466 694 1513 praeter
712 1459 908 1500 valvulas
929 1457 1164 1510 rigidiores,
1199 1471 1294 1498 cum
1317 1457 1512 1499 Armo-

32 1536 181 1577 racia
226 1542 375 1576 exacte
411 1536 698 1587 conveniunt;
754 1549 778 1575 a
815 1534 1122 1577 Nasturtio
1163 1541 1308 1574 autem
1345 1535 1510 1587 habitu,

33 1612 206 1654 siliculis
253 1613 521 1653 brevissimis
563 1619 607 1653 et
654 1611 840 1654 valvulis
888 1623 1018 1667 quam
1063 1610 1259 1651 maxime
1305 1612 1511 1652 convexis

34 1690 207 1731 omnino
237 1688 454 1730 differunt.

145 1767 350 1824 Sepala
382 1767 740 1823 erecto—patula,
777 1765 871 1808 basi
901 1764 1116 1821 aequalia,
1156 1763 1273 1820 apice
1303 1771 1402 1805 ante
1428 1778 1513 1805 an-

33 1844 176 1885 thesin
214 1844 474 1894 marginibus
517 1844 749 1884 imbricata.
820 1842 1015 1884 Petala
1064 1841 1203 1894 calyce
1243 1839 1373 1897 duplo
1411 1843 1512 1883 lon-

33 1921 168 1975 giora,
201 1920 384 1961 breviter
414 1922 711 1973 unguiculata3
752 1920 912 1961 lamina
944 1919 1113 1975 patula,
1155 1919 1511 1975 obovato-ellip-

33 1999 137 2052 tica,
181 1996 468 2049 integerrima,
539 1995 811 2038 Glandula
851 1999 1147 2052 hypogyna
1190 1994 1357 2038 minuta
1397 1995 1510 2038 inter

34 2075 217 2117 stamina
258 2073 419 2117 omnia.
485 2073 815 2115 Filamenta
856 2081 1049 2124 set-acea,
1089 2071 1242 2124 libera,
1293 2070 1510 2117 edentula.

34 2150 298 2193 Ovarium
335 2164 462 2207 supra
497 2158 638 2193 torum
667 2149 852 2192 breviter
889 2149 1155 2205 stipitatum,
1190 2149 1508 2202 subglobosum,

31 2228 284 2270 biloculare:
316 2230 459 2271 loculis
487 2227 813 2269 multiovulatis.
873 2226 1063 2280 Stylus
1091 2225 1319 2277 filiformis,
1349 2227 1509 2268 lineam

32 2304 195 2346 circiter
222 2305 390 2357 longus.
450 2304 652 2358 Stigma
685 2304 927 2361 capitatum,
958 2301 1210 2344 indivisum.
1272 2301 1508 2343 Silicula

31 2380 282 2437 ellipsoidea
311 2382 382 2421 vel
419 2382 931 2438 elliptico-subglobosa‚
974 2377 1150 2434 1—1}
1178 2379 1255 2420 lin.
1289 2380 1441 2431 longa,
1480 2376 1508 2419 1

20 2457 106 2505 lin.
137 2458 234 2508 lata,
266 2457 507 2499 bilocularis
537 2458 780 2512 (rarissime
810 2457 1088 2508 trilocularis‚
1119 2455 1322 2513 placentis
1350 2456 1507 2496 valvu-

30 2533 168 2589 lisque
196 2534 333 2574 tribus
365 2542 407 2574 et
437 2534 754 2592 dissepimentis
780 2534 913 2585 binis,
946 2535 1080 2574 altero
1105 2533 1338 2588 complete,
1371 2532 1505 2573 altero

31 2610 274 2662 angustiore
302 2611 494 2663 margine
522 2612 716 2654 interiori
745 2612 886 2652 latiori
910 2608 1063 2651 adnato
1092 2604 1336 2660 instructa).
1369 2607 1506 2648 Val-

29 2687 194 2727 vulae
224 2687 615 2743 hemisphaericae,
660 2682 890 2741 rigidulae,
928 2687 1048 2743 apice
1076 2687 1346 2737 subretusae,
1386 2698 1504 2732 mar-

33 2760 134 2815 gine
164 2765 487 2819 angustissimo,
518 2766 665 2822 plano,
693 2763 810 2807 haud
837 2765 1081 2815 incrassato,
1113 2762 1270 2803 cinctae
1298 2770 1342 2804 et
1371 2775 1504 2806 nervo
