1648 2989
132 107 230 159 198
512 108 590 159 Cl.
624 111 734 162 XV.
803 113 1216 178 Tetradynamia.

133 231 416 280 orbiculatis
470 235 754 300 ellipticz‘sve
795 236 929 282 haud
983 240 1311 303 regularibus.
1390 247 1586 291 Semina

132 323 556 385 ovato-ellipbica5
601 334 727 370 tesca
760 323 896 389 rufa,
931 324 1251 387 subcoriacecz,
1286 331 1426 377 laevi.
1500 334 1588 378 Co-

131 408 382 471 tyledones
416 412 777 468 crassiuscuffie,
815 413 1299 479 lineari-oblongae,
1333 420 1588 484 integerri-

130 510 252 541 mae.
322 499 557 543 Raeticum
588 498 808 554 dorsalis,
844 500 1148 547 adscendens.

371 596 414 652 1)
449 597 670 639 CAPSELLA
701 597 848 639 ΒΗΜΛ
880 600 1115 644 PAsToffls.
1160 602 1338 644 Mb‘nch.

132 667 191 719 C.
228 673 735 738 pubescenti-pilosa,
780 676 915 724 foliis
953 678 1171 727 caulinis
1206 679 1589 743 sagittato-am·

200 762 582 822 plexicaulibus,
619 763 830 811 siliculis
865 764 1589 815 obcordato-cuneiformibuS.

244 846 288 888 C.
333 848 462 888 Bursa
508 850 710 890 Pastoris.
777 851 875 892 Dec.
917 851 1030 904 Syst.
1076 861 1160 892 nat.
1207 854 1271 893 II.
1320 870 1366 907 P-
1396 850 1495 895 383.
1536 875 1592 885 -

296 925 399 965 Dec.
439 925 593 966 Proclr.
638 926 677 969 Ι.
716 942 763 981 p.
803 927 899 968 177.
947 949 1002 956 --
1060 928 1212 969 Besser
1248 928 1325 970 En.
1359 933 1421 984 pl.
1461 929 1588 970 Vollz.

294 1017 340 1056 p.
369 1000 425 1041 26
455 1010 491 1041 et
516 1000 584 1042 82.

239 1074 417 1132 Thlaspi
448 1077 597 1119 Bursa.
656 1079 833 1134 Spreng.
864 1081 979 1134 Syst.
1009 1095 1103 1132 veg.
1133 1081 1195 1122 II.
1226 1097 1266 1135 p.
1292 1079 1391 1121 879.

239 1151 415 1207 Thlaspi
447 1153 578 1194 Bursa
611 1154 810 1197 Pastoris.
855 1157 922 1196 M.
956 1174 982 1197 α
1013 1158 1127 1196 Βίρῦ.
1161 1158 1224 1197 Fl.
1258 1165 1369 1199 taur.
1399 1159 1586 1199 cauaII.

287 1244 333 1282 p.
354 1227 450 1270 101.
481 1252 536 1258 —-
566 1231 671 1271 Falk
700 1240 863 1287 topogr.
894 1233 1042 1286 Beytr.
1071 1234 1128 1273 II.
1160 1250 1203 1288 p.
1222 1233 1321 1274 214.
1354 1255 1410 1261 —-
1440 1235 1591 1276 Patrin

290 1304 352 1345 Fl.
386 1308 576 1347 barnaul.
609 1308 720 1348 Mss.
753 1332 810 1338 -—-
840 1310 1028 1349 Schlfzdzr
1063 1318 1091 1350 ἲ.
1130 1309 1357 1350 CLXXX.

235 1376 412 1436 Thlaspi
444 1383 527 1425 No.
559 1383 599 1423 9.
637 1383 767 1424 Gmel.
803 1385 864 1424 Fl.
898 1388 973 1426 sib.
1007 1386 1092 1424 III.
1121 1402 1167 1440 p.
1199 1385 1297 1426 253.

124 1452 232 1495 Hah.
262 1455 305 1495 in
337 1458 440 1497 locis
470 1458 690 1507 ruderatis,
725 1461 866 1510 cultis,
899 1460 949 1499 ad
981 1475 1107 1515 pagos
1139 1469 1218 1503 etc.
1249 1462 1591 1516 frequentissime

177 1529 251 1582 (L.
282 1531 336 1573 Β.
367 1532 474 1586 M.).
504 1558 560 1564 ——-
602 1533 666 1574 Fl.
700 1537 751 1574 ab
783 1536 922 1591 Aprili
960 1536 1059 1576 inde
1094 1551 1169 1592 per
1206 1545 1339 1578 totam
1371 1546 1587 1581 aestatem.

184 1607 247 1653 c?-
285 1612 349 1654 Θ.

235 1681 400 1723 Statura
433 1691 474 1724 et
503 1684 704 1726 foliorum
734 1688 869 1727 forma
899 1690 1007 1729 inire
1038 1690 1185 1732 variat.
1247 1689 1443 1731 Caules
1481 1705 1589 1731 nunc

121 1756 293 1813 pedales
330 1760 401 1800 vel
439 1761 776 1816 sesquipedales,
819 1766 1123 1817 ramosissimi,
1171 1782 1282 1806 nunc
1325 1767 1588 1815 humiliores,

121 1833 265 1875 minus
292 1836 464 1888 ramosi,
495 1837 540 1877 in
569 1838 671 1878 locis
701 1840 952 1881 aridissimis
985 1850 1026 1881 et
1049 1844 1295 1897 praesertim
1318 1844 1452 1897 primo
1477 1857 1587 1895 vere,

123 1910 262 1951 caules
298 1910 483 1951 evadunt
524 1915 785 1967 brevissimi,
824 1918 896 1957 vix
937 1918 1013 1959 lin.
1044 1920 1206 1973 aliquot
1245 1920 1383 1970 longi,
1426 1918 1470 1958 in
1501 1919 1588 1959 ima

121 1986 212 2027 basi
242 1987 354 2026 foliis
384 2002 472 2028 uno
501 1988 720 2030 duobusve
743 1995 1036 2047 subpotiolatis
1067 1992 1170 2047 (non
1195 1993 1586 2050 amplexicaulibus)

121 2061 372 2102 instructum
410 2071 452 2103 et
488 2078 653 2105 racemo
691 2068 912 2120 elongato,
944 2071 1262 2125 simplicissimo
1295 2071 1586 2114 terminatum.

121 2136 278 2178 Folia
315 2151 401 2178 non
433 2151 526 2179 raro
556 2141 930 2195 subintegerrima,
972 2148 1042 2186 vel
1083 2147 1272 2186 obsoleto
1315 2145 1584 2199 denticulata,

122 2214 370 2270 plerumque
408 2221 551 2255 autem
591 2217 685 2270 plus
723 2220 917 2260 minusve
947 2222 1154 2275 profunde
1185 2222 1351 2262 sinuata
1381 2224 1452 2263 vel
1481 2239 1586 2264 run-

124 2291 281 2342 einata,
323 2290 537 2330 interdum
576 2291 629 2331 ad
669 2302 828 2334 costam
859 2310 992 2352 usque
1020 2297 1364 2353 pinnatipartita:
1406 2302 1511 2339 lobis
1541 2308 1585 2340 et

120 2366 283 2407 laciniis
311 2380 421 2406 nunc
441 2356 782 2419 triangularibus,
818 2385 924 2411 nunc
945 2374 1268 2427 sublinearibus,
1302 2377 1346 2415 in
1370 2376 1463 2416 aliis
1484 2378 1584 2416 sub-

122 2441 428 2493 integerrimis,
459 2443 503 2481 in
535 2442 627 2482 aliis
660 2442 841 2485 dentatis
873 2449 939 2486 vel
969 2450 1124 2489 incisis.
1186 2450 1457 2492 Siliculae
1485 2467 1586 2493 ver-

124 2519 241 2558 nales
270 2519 517 2574 plerumque
547 2521 820 2573 abortientes,
861 2525 1067 2579 ellipticae
1098 2528 1166 2567 vel
1198 2528 1583 2584 obovato-ellipti-

124 2607 209 2643 cae,
239 2594 329 2634 basi
358 2594 626 2646 rotundatae3
665 2605 886 2651 sequentes
918 2602 1165 2658 pharumque
1194 2604 1310 2658 apice
1339 2599 1580 2657 truncataer,

124 2669 344 2709 aestivales
374 2678 417 2710 et
446 2673 710 2712 autumnales
739 2687 905 2728 semper
935 2678 1196 2720 obcordatae.
1259 2679 1454 2731 Stylus
1487 2682 1580 2720 bre-

127 2745 349 2797 vissimus,
381 2744 613 2790 distinctus.
674 2746 1044 2801 Cotyledones
1076 2769 1240 2810 semper
1271 2756 1579 2798 incumbentes.
