1648 2989
443 81 518 131 Cl.
557 80 667 130 XV.
738 77 1154 142 Tetradynamia.
1439 74 1533 123 151

161 208 216 252 E.
247 204 584 260 sisymbrioides.
645 204 804 244 Ledeb.
836 202 896 245 Ic.
934 204 996 256 pl.
1027 200 1087 244 Fl.
1128 213 1235 243 ross.
1275 201 1348 241 alt.
1380 201 1533 243 illustr.

220 293 254 328 t.
283 284 386 325 266.

52 363 159 405 Hab.
192 361 235 402 in
276 360 380 402 locis
424 355 790 411 argilloso-salsis
831 352 884 394 ad
921 353 968 396 fl.
998 351 1163 406 Irtysch
1193 350 1307 393 haud
1336 351 1478 408 procul
1508 364 1534 390 a

109 441 230 490 lacu,
274 437 347 493 qui
385 434 702 477 Noor-Saisan
740 439 939 479 vocatur,
979 444 1055 470 nec
1094 445 1178 470 non
1220 430 1326 469 circa
1364 436 1534 469 montes

106 515 274 555 Arkaul
306 508 430 566 (M.)‚
465 512 572 552 circa
603 507 962 552 metallifodinam
981 505 1225 548 Loktevvsk
1249 505 1452 558 (Gebler).
1476 526 1533 535 —-

104 591 168 632 Fl.
202 590 330 641 Majo.
382 592 446 636 Θ.

161 667 308 709 Affine
338 677 508 721 quoque
548 662 598 703 E.
633 661 847 702 collino
888 667 932 701 et
966 660 1354 716 leptophyllo,
1395 657 1532 699 radice

53 752 195 785 tamen
229 743 335 783 exili
364 754 520 792 annua,
549 738 724 780 floribus
755 737 961 788 minimis,
993 737 1161 793 siliquis
1183 738 1295 792 pube
1325 735 1533 791 bipartita,

53 835 130 861 nec
161 821 345 869 stellata,
375 818 539 860 incanis
569 816 750 870 aliisque
781 814 894 855 notis
927 812 1094 854 abunde
1127 812 1283 854 differt.

162 896 315 938 Planta
347 896 528 945 tenella,
560 890 833 948 semipedalis
866 892 935 931 vel
965 891 1132 946 saepius
1164 889 1391 941 humilior,
1428 896 1532 941 tota,

52 980 217 1030 praeter
256 973 395 1029 petala
436 979 479 1011 et
518 970 729 1017 stamina,
770 969 919 1008 setulis
959 968 1149 1020 rigidulis
1180 974 1294 1007 arcte
1326 966 1534 1022 adpressis

52 1050 260 1107 bipartitis
291 1049 539 1091 subincana.
597 1045 780 1088 Radix
811 1059 957 1102 parva,
991 1058 1143 1084 annua.
1194 1041 1393 1084 Caules
1424 1057 1535 1082 nunc

53 1127 250 1179 solitarii,
282 1141 391 1166 nunc
420 1127 564 1182 plures
595 1137 650 1163 ex
680 1136 765 1162 una
795 1121 955 1173 radice,
986 1122 1136 1171 erecti,
1178 1133 1304 1176 saepe
1333 1119 1531 1167 flexuosi,

54 1205 128 1245 filo
167 1203 424 1259 emporetico
469 1200 712 1251 tenuiores,
753 1206 873 1239 acute
912 1198 1123 1250 angulati,
1163 1198 1290 1237 sulcis
1329 1195 1536 1247 destituti,

55 1281 217 1332 foliosi,
259 1279 443 1326 ramosi,
493 1282 624 1320 ramis
659 1275 834 1328 virgatis
878 1277 1027 1317 erectis
1068 1276 1139 1316 vel
1180 1272 1534 1328 erecto-patulis.

58 1358 208 1400 Folia
241 1358 448 1408 oblonga,
480 1355 525 1396 in
557 1353 768 1410 peliolum
799 1359 1040 1404 attenuata,
1072 1353 1221 1392 obtusa
1250 1352 1322 1392 vel
1352 1350 1537 1389 acutius-

57 1436 171 1486 cula,
211 1433 507 1484 integerrima,
548 1432 749 1487 pollicem
789 1431 858 1470 vel
893 1430 968 1470 lin.
1012 1428 1065 1469 15
1102 1430 1251 1480 longa,
1291 1423 1428 1469 2--3
1459 1424 1536 1463 lin.

58 1514 161 1562 lata;
191 1515 359 1552 caulina
387 1513 608 1563 superiora
632 1515 675 1548 et
697 1522 840 1548 ramea
870 1505 1038 1546 minora
1067 1512 1111 1544 et
1134 1503 1396 1556 angustiora.
1439 1500 1538 1541 Ra-

60 1589 203 1630 comi
234 1587 509 1638 terminales,
540 1586 726 1641 aphylli‚
770 1581 1131 1633 10—20-flori3
1161 1579 1386 1633 fructiferi
1415 1579 1539 1618 elon-

60 1666 156 1718 gati.
217 1665 415 1705 Flores
446 1661 628 1714 minimi,
659 1662 735 1702 vix
766 1663 873 1701 ultra
907 1659 969 1711 1—
1000 1659 1074 1699 lin.
1107 1657 1240 1709 longi,
1276 1655 1391 1697 flavi.
1437 1656 1539 1696 Pe-

60 1742 252 1782 dicelli
281 1739 608 1790 brevissimi,¹
590 1770 610 1791 2
643 1739 719 1780 lin.
752 1737 885 1789 longi,
917 1736 960 1775 in
991 1737 1127 1776 fructu
1158 1732 1378 1774 incrassati
1407 1738 1452 1771 et
1480 1730 1539 1771 si-

61 1821 174 1873 liqua
203 1818 279 1858 vix
314 1816 544 1856 tenuiores.
606 1816 806 1872 Sepala
841 1814 1047 1864 oblonga,
1087 1811 1238 1852 viridia
1268 1810 1341 1850 vel
1378 1823 1540 1864 purpu-

60 1896 279 1943 rascentia,
309 1899 462 1943 erecta,
493 1891 684 1943 decidua,
716 1892 877 1930 lineam
907 1890 982 1930 vix
1011 1891 1152 1941 longa.
1222 1868 1540 1929 Petalorum

60 1985 215 2025 ungues
245 1970 492 2020 filiformes,
536 1968 674 2020 calyce
705 1969 833 2023 paulo
874 1965 1117 2018 longiores:
1160 1967 1321 2005 lamina
1350 1970 1538 2015 angusta,

61 2049 265 2099 oblonga,
301 2046 597 2098 integerrima,
633 2045 864 2084 suberecta.
928 2040 1030 2083 Gla
1044 2057 1068 2082 n
1084 2041 1110 2082 d
1124 2043 1212 2082 ula
1224 2055 1248 2082 e
1285 2042 1315 2081 h
1328 2057 1355 2096 y
1366 2055 1392 2096 p
1404 2054 1429 2079 o
1443 2054 1467 2091 g
1479 2053 1506 2092 y
1518 2062 1539 2071 -

60 2139 154 2165 nae
184 2125 228 2164 in
260 2122 566 2179 speciminibus
597 2120 717 2161 siccis
747 2120 823 2161 vix
852 2119 1124 2199 conspicuae,
1153 2118 1461 2175 placentariae,
1492 2122 1539 2155 ut
1608 2140 1612 2144 ,

62 2201 245 2251 videtur,
275 2206 505 2240 truncatae.
567 2197 815 2238 Stamina
846 2197 1029 2250 generis
1064 2194 1349 2251 Siliquae
1381 2183 1542 2234 5-10

62 2279 138 2319 lin.
167 2278 333 2329 longae,
361 2283 549 2326 erectae,
580 2275 651 2314 axi
680 2288 807 2330 saepe
838 2253 1087 2328 adpressae‚
1117 2271 1443 2320 teretiusculae‚
1475 2267 1542 2308 bi-

63 2355 291 2403 loculares,
332 2352 642 2407 polyspermae.
702 2349 986 2390 Valvulae
1018 2363 1258 2395 convexae,
1288 2338 1542 2399 subuniners-

66 2445 155 2472 ves.
223 2424 410 2480 stylus
451 2427 749 2479 brevissimus,
789 2426 1083 2482 cylindricus2'
1112 2425 1301 2466 crassitie
1342 2411 1543 2479 siliquaiii

67 2519 269 2564 aequans,
300 2503 525 2544 latitudine
555 2505 734 2560 siliquae
766 2504 946 2545 brevior.
1007 2501 1220 2556 Stigma
1249 2512 1441 2556 parvum,
1471 2487 1543 2537 inss

164 2680 362 2717 latitudine
391 2677 544 2722 siliquae
569 2677 684 2725 duplo
711 2678 882 2725 longior3
915 2677 1112 2726 elongatus
1135 2674 1368 2711 latitudinem
1391 2673 1547 2721 siliquae

168 2750 189 2783 4
204 2747 293 2794 -plo
319 2745 373 2782 vel
400 2743 495 2780 ultra
519 2744 681 2790 longior.
