1648 2989
439 98 520 148 Cl.
554 101 676 150 XV,
735 100 1148 165 Tetradynamia.
1432 107 1526 154 175

56 237 232 271 naceae,
264 231 441 276 tenues,
473 223 774 276 subhyalinae,
806 224 1170 278 subnaviculares,
1203 228 1393 280 margine
1425 244 1525 270 acu-

54 309 146 350 tae,
189 300 314 341 dorso
358 316 492 341 nervo
523 302 600 341 vix
637 301 878 356 prominulo
909 303 1195 343 subcarinatae
1226 312 1267 343 et
1298 307 1339 343 in
1373 308 1524 360 quovis

53 378 184 417 latere
216 392 349 417 nervo
383 379 506 417 unico
539 380 606 416 vel
640 378 802 417 duobus
834 378 1038 433 venisque
1068 383 1418 423 transversalitms
1449 385 1523 422 ob-

51 455 177 508 liquis
200 456 618 495 anastomosantibus
638 463 796 495 auctae.
840 454 1123 495 Placentae
1153 457 1385 508 fitisormes,
1402 457 1523 500 dorso

51 533 249 580 obtusae,
290 531 400 570 ha'ud
434 532 746 586 prominentes,
790 533 878 572 basi
908 533 1278 584 membranaceae,
1310 535 1521 589 dilatatae,

50 618 249 647 saccatae.
322 608 811 662 Dissepirnentum
851 615 1004 660 tenue,
1048 610 1294 660 hyalinum,
1338 614 1523 667 comple-

48 691 153 734 tum,
186 683 319 723 rarius
350 686 560 724 foramine
591 699 721 738 parvo
745 688 1016 738 perforatum,
1049 700 1229 737 enerve3
1261 688 1411 727 areolis
1440 690 1522 728 mi-

50 761 177 800 nimis
220 760 577 810 subinordinatis,
635 762 912 815 subellipticis
954 763 1208 813 oblongisve
1256 764 1522 809 instructum.

48 837 313 878 Funiculi
354 837 729 888 umbilicales‚
772 839 917 890 liberi,
959 841 1134 890 setacei,
1167 840 1363 892 elongati.
1428 842 1522 883 Se-

48 916 185 954 mina
215 915 258 954 in
291 927 459 968 quoque
490 914 628 953 loculo
649 913 798 966 2—4‚
831 915 1006 966 alterna,
1037 916 1233 970 pendula,
1267 918 1521 972 uniserialia,

48 993 76 1045 ᾖ
113 992 187 1030 lin.
226 991 386 1030 circiter
424 991 579 1042 longa,
623 993 849 1043 subovata,
892 993 1157 1044 subtrigona‚
1198 994 1522 1049 immarginata3

47 1076 153 1107 testa
182 1068 388 1116 coriacea,
432 1068 717 1117 suscescente,
761 1069 1003 1108 scrobiculis
1044 1068 1294 1110 distantibus
1326 1072 1523 1126 ellipticis

49 1151 220 1184 exarata
252 1150 294 1182 et
322 1144 491 1198 papillis
522 1145 696 1185 minutis
730 1146 911 1200 copiosis
943 1146 1282 1199 flavescentibus,
1306 1148 1349 1187 in
1382 1149 1523 1189 media

47 1228 164 1277 parte
196 1219 417 1275 pellucidis
449 1219 643 1275 (punctis
676 1223 862 1262 oleiseris
904 1224 1103 1262 foliorum
1137 1221 1284 1263 Citri
1326 1227 1523 1267 subsimi-

48 1295 191 1347 libus)
236 1298 417 1338 obtecta.
495 1295 883 1350 Cotyledones
932 1300 1160 1351 oblongae,
1207 1300 1520 1356 integerrimae,

50 1373 367 1424 crassiusculae‚
402 1374 500 1413 hinc
531 1375 701 1429 planae,
733 1376 848 1415 illinc
873 1376 1024 1415 leviter
1059 1390 1291 1420 convexae.
1351 1377 1524 1421 Radi-

49 1452 165 1492 cula
195 1449 386 1503 dorsalis,
419 1449 695 1504 adscendens,
726 1453 996 1505 longitudine
1028 1452 1345 1506 cotyledonum.

86 1601 467 1647 CAMELINEAE
497 1603 606 1646 SEU
634 1603 1065 1646 NOTORHIZEAE
1098 1604 1482 1651 LATISEPTAE.

46 1693 291 1733 Silicula
320 1699 490 1732 ovata
528 1699 621 1733 aut
656 1693 907 1743 oblonga,
951 1695 1349 1746 dissepimento
1387 1711 1521 1749 par-

22 1772 206 1825 „allele
236 1783 576 1823 compressa,
622 1777 712 1809 aut
752 1772 997 1820 turgida,
1037 1770 1370 1811 bilocularz‘s
1401 1769 1519 1825 (ra-

45 1851 261 1887 rissime
290 1843 708 1897 unilocularis),
741 1847 1007 1897 bivalvis,
1041 1844 1395 1901 (plerumque)
1430 1851 1520 1888 de-

45 1927 292 1962 hiscens:
331 1924 578 1962 valvulz's
612 1925 805 1976 planis
833 1925 917 1963 vel
947 1928 1236 1975 convexis,
1279 1927 1520 1980 dissepi-

45 2007 212 2039 mento
243 2006 408 2038 ovato
439 2005 533 2038 aut
563 1999 804 2050 oblongo.
862 1999 1071 2039 Semina
1109 1983 1160 2039 in
1198 2015 1406 2055 quoque
1439 2005 1517 2042 lo-

45 2078 161 2115 culo
188 2078 446 2128 plurima,
486 2076 801 2128 biserialia‚
839 2079 1098 2131 pendula.
1164 2075 1518 2126 cotyledones

46 2155 441 2205 dissepimento
487 2157 823 2204 contrariae,
872 2156 901 2192 i.
947 2167 982 2193 e.
1022 2155 1362 2205 marginibus
1405 2157 1516 2195 dis—

44 2233 390 2282 sepimentum
419 2237 744 2283 spectantes.
805 2228 1083 2269 Radicula
1113 2232 1378 2279 dorsalis,
1420 2234 1516 2271 ad-

43 2308 337 2361 scendens,
377 2308 527 2346 linea
559 2309 768 2347 dorsali
799 2305 859 2359 (s.
891 2305 1204 2360 exteriore)
1227 2309 1517 2359 placentae

458 2388 756 2438 oppositae
791 2386 1085 2438 parallela.

344 2474 444 2519 328.
505 2476 827 2520 GAMELINA.
879 2478 1074 2520 CRANTZ.
1106 2475 1215 2531 (M.)

42 2557 223 2602 DELEss.
255 2560 313 2602 Ic.
344 2565 418 2603 sel.
446 2563 508 2603 II.
539 2571 570 2604 t.
601 2564 655 2605 69
672 2574 711 2605 et
727 2564 797 2606 70.
830 2587 888 2594 -——
917 2564 1130 2605 Scnmffln
1160 2571 1187 2602 t.
1211 2559 1508 2602 CLXXVIII.

177 2644 344 2712 Calyx
379 2658 574 2697 erectus
610 2651 689 2697 vel
726 2652 939 2714 patulus,
975 2649 1082 2697 basi
1119 2646 1355 2709 aequalis.
1425 2649 1512 2697 Pe-

41 2734 142 2782 tala
188 2735 422 2784 indivisa.
495 2735 776 2787 Glandulae
825 2739 1128 2803 hypogynae
1174 2735 1430 2784 valvariae
1464 2735 1512 2784 4.
