1648 2989
1641 0 1647 135 ἱ

148 124 248 176 366
517 117 595 169 Cl.
632 119 813 168 XVIII.
881 118 1253 184 Polyadelphia.

320 246 407 298 sis,
437 245 556 285 caule
584 242 707 284 tereti
737 249 899 293 erecto,
931 242 1046 283 foliis
1077 243 1238 296 ovatis,
1269 245 1615 300 subpubescenti-

317 325 412 363 bus.
460 320 593 363 Gmel.
623 319 685 360 Fl.
716 321 792 360 sibl
823 317 911 359 IV.
937 335 981 373 P·
1003 317 1099 360 178.
1131 320 1214 361 No.
1239 321 1282 361 2.

148 403 258 445 Hab.
295 400 340 440 in
377 397 644 454 pratensibus
684 395 790 435 circa
827 395 1084 437 fortalitium
1121 395 1459 438 Buchtarminsk
1489 398 1613 449 (M),
1643 373 1648 448 i

203 476 255 519 ad
287 477 332 518 fl.
362 475 499 526 belaja
527 472 620 514 Uba
651 471 766 525 (L.),
805 470 941 512 Salair
970 479 1049 514 etc.
1106 471 1171 513 Fl.
1199 472 1300 515 Jun.
1365 478 1430 520 23--

523 555 570 610 5)
614 557 879 598 Hrrnmcmu
911 570 1125 598 ASPERUM.
1169 573 1225 599 m.

147 643 213 690 H.
251 637 394 687 caule
430 644 597 684 erecto
633 633 937 696 subancipiti
973 650 1170 697 aspere,
1213 633 1350 682 foliis
1386 608 1648 684 subsessiss

215 727 346 777 libus
391 722 616 788 oblongis
662 721 1231 786 pellucido-punctatis,
1290 722 1496 771 floribus
1538 692 1648 771 oo-¹

215 812 486 880 rymbosis,
519 808 795 873 segmentis
827 809 1078 871 calycinis
1103 809 1263 856 ovatis
1290 809 1476 858 obtusis
1508 826 1617 873 pec-

213 895 719 963 tinato-glandulosis
749 893 1299 958 pellucido-histriatis,
1335 897 1481 962 stylis
1512 896 1616 945 basi

212 988 389 1040 liberis
424 983 735 1033 divaricatis.

255 1077 313 1118 H.
344 1086 558 1130 asperum.
599 1072 756 1112 Ledeb.
786 1070 848 1112 Ic.
873 1073 933 1124 pl.
967 1069 1028 1109 Fe.
1060 1084 1164 1111 ross.
1199 1072 1274 1111 alt.
1305 1074 1453 1111 illustr.
1493 1077 1523 1109 t.
1548 1068 1616 1110 17.

143 1156 252 1201 Hah.
285 1152 337 1194 ad
367 1154 517 1200 lacum,
549 1147 620 1203 qui
640 1146 955 1188 Noor-Saisan
979 1145 1215 1187 dicitur.-—
1245 1146 1280 1187 E
1310 1146 1542 1187 seminibus
1572 1146 1614 1186 in

200 1233 325 1274 horto
356 1225 614 1283 Dorpatensi
645 1231 832 1265 enatum.
893 1222 954 1262 Fl.
985 1222 1086 1264 Jun.
1147 1226 1209 1278 21..

257 1308 407 1349 Planta
447 1302 705 1357 caespitosa,
756 1299 1085 1357 sempervirens.
1157 1297 1339 1340 Radix
1378 1297 1615 1353 multiceps,

144 1385 286 1444 primo
317 1396 431 1423 anno
463 1380 664 1421 emittens
695 1378 834 1417 caules
864 1383 1095 1432 prostratos
1131 1376 1312 1426 steriles,
1344 1375 1478 1415 altero
1505 1388 1614 1413 anno

144 1463 287 1504 caules
316 1458 470 1516 partim
501 1461 664 1497 erectos
702 1453 937 1505 floriferos,
976 1453 1131 1508 partim
1171 1450 1476 1493 adscendentes
1515 1451 1616 1490 sub-

144 1539 326 1581 steriles,
371 1534 568 1576 Caules
596 1534 725 1586 primi
750 1533 850 1570 anni
871 1529 1107 1582 filiformes,
1137 1527 1269 1569 3-6
1290 1528 1465 1584 pollices
1485 1527 1614 1578 longi,

142 1609 568 1666 verrucoso-asperi‚
598 1606 768 1658 foliosi,
801 1607 920 1646 basin
950 1620 1099 1647 versus
1128 1604 1298 1657 ramosi,
1328 1612 1429 1644 tunc
1457 1601 1614 1659 pallide

142 1692 350 1740 virentes,
382 1686 484 1728 inde
514 1685 764 1741 plerumque
794 1683 838 1723 in
869 1681 1149 1723 rubicundum
1177 1688 1414 1734 vergentes.
1473 1677 1613 1720 Cau-

141 1769 225 1808 les
253 1767 427 1808 secundi
445 1765 544 1803 anni
568 1757 1029 1814 14—-15-pollicares,
1059 1754 1484 1812 verrucoso-asperi,
1513 1755 1615 1795 sub-

142 1842 324 1891 viscosi,
362 1841 613 1897 plerumque
643 1834 892 1887 rubicundi,
935 1835 1101 1875 steriles
1131 1841 1204 1874 aut
1232 1832 1428 1881 floriferi3
1455 1834 1613 1873 steriles

142 1917 464 1966 adscendentes,
495 1911 676 1956 ramosi:
706 1916 838 1952 ramis
862 1911 1082 1963 elongatis,
1112 1911 1272 1951 iterum
1303 1907 1503 1958 ramosis;
1520 1907 1611 1961 flo-

141 1995 268 2049 riseri
295 1994 549 2050 plerumque
579 1987 729 2038 erecti,
773 1987 864 2027 basi
893 1994 1077 2028 saturate
1105 1988 1235 2037 rubri,
1265 1984 1445 2026 ramosi:
1481 1987 1612 2024 ramis

141 2069 381 2134 internodia
413 2067 579 2108 caulina
606 2064 977 2119 sub-aequantibus,
1010 2063 1272 2119 simplicibus
1302 2060 1372 2102 vel
1403 2073 1460 2100 ex
1486 2059 1612 2099 folio-

141 2162 240 2191 rum
269 2145 409 2187 axillis
439 2141 689 2184 fasciculum
725 2141 925 2181 foliorum
965 2139 1326 2196 protrudentibus.
1385 2135 1459 2176 Ra
1474 2134 1540 2175 mi
1569 2141 1612 2174 et

141 2223 345 2267 ramuli
383 2218 607 2261 decussati.
661 2215 992 2258 Internodia
1031 2216 1212 2255 caulium
1243 2221 1285 2254 et
1314 2224 1527 2252 ramorum
1555 2211 1610 2264 ob

141 2301 345 2343 foliorum
376 2303 537 2339 costam
566 2292 861 2334 decurrentem
890 2292 1180 2347 subancipitia.
1239 2289 1398 2331 Folia
1434 2287 1480 2327 in
1510 2299 1611 2326 cau-

142 2378 253 2419 libus
281 2373 504 2432 prostratis
538 2369 789 2412 brevissime
829 2368 1054 2425 petiolata,
1093 2366 1306 2422 patentia,
1345 2361 1609 2416 longitudine

141 2450 479 2496 internodiorum
494 2448 567 2490 vel
586 2446 640 2487 iis
657 2445 861 2496 longiora,
892 2441 1305 2495 oblongo-linearia,
1335 2446 1467 2490 acuta,
1498 2452 1610 2478 mar-

141 2530 312 2584 ginibus
340 2525 532 2578 reflexis,
563 2520 776 2576 glandulis
808 2519 1027 2576 pellucidis
1057 2526 1100 2560 et
1128 2519 1300 2573 insuper
1329 2515 1493 2572 punctis
1523 2514 1608 2553 mi-

141 2606 260 2648 nutis
299 2603 520 2660 adspersa,
562 2605 776 2640 caeterum
811 2598 977 2649 glabra,
1017 2608 1148 2651 supra
1188 2589 1606 2639 ssavo-virescentia‚

141 2683 290 2726 subtus
326 2673 646 2733 glaucescentia.
722 2671 889 2713 Folia
933 2673 977 2713 in
1019 2672 1204 2712 caulibus
1245 2667 1461 2723 sequentis
1507 2663 1609 2705 anni

140 2758 345 2812 oblonga,
376 2753 497 2797 basin
527 2762 675 2794 versus
703 2761 854 2806 parum
884 2749 1056 2801 latiora,
1087 2745 1329 2788 subsessilia
1360 2743 1429 2786 vel
1457 2741 1504 2782 in
1532 2753 1607 2796 pe·
