1648 2989
434 105 511 156 Cl.
546 108 656 156 XV.
727 103 1137 168 Tetradynamia.
1423 102 1518 152 115

159 237 336 274 linum.
398 231 644 272 Funiculz·
686 232 932 270 dilatati.
998 228 1216 268 Semina
1258 229 1516 280 oblonga,

159 312 792 364 cylindraceo-trigona.
853 305 1130 345 Radicula
1170 307 1430 345 dorsalis.

218 393 499 436 Deilosma
528 393 697 434 Andrz.
730 397 773 432 in
802 390 954 431 Besser
982 389 1060 430 En.
1092 392 1150 444 pl.
1185 389 1311 430 Vollz.
1338 405 1385 444 p.
1414 387 1486 431 83.

420 498 466 549 1)
508 499 721 540 Hnsrmus
754 510 958 537 SIBIRIGA.
996 494 1126 536 Linn.

49 609 113 655 H.
141 604 429 672 glandulosa
454 602 964 667 pubescenti-pilosa:
1001 599 1127 664 pube
1154 597 1367 662 pilisque
1397 597 1519 646 sim-

116 693 344 758 plicibus,
382 692 518 738 foliis
558 690 774 738 dentatis
809 687 1342 752 subintegerrimisve3
1387 685 1520 733 radi-

113 782 304 830 calibus
325 779 588 844 ellipticis;
625 777 841 826 caulinis
863 772 1386 839 oblongo-lanceolatis
1409 773 1519 821 sub·

114 869 411 926 cordatisve,
436 866 690 930 pedicellis
712 862 1093 928 pubescentibus
1116 863 1291 927 calyce
1312 861 1517 910 barbato

112 954 538 1020 sublongioribus,
585 955 866 1019 petalorum
901 951 1094 999 lamina
1131 951 1367 1010 obovata,
1411 950 1518 1000 sili-

113 1045 222 1109 quis
260 1040 985 1108 glanduloso-pubescentibus.

159 1133 213 1172 H.
248 1133 431 1171 sibirica.
493 1133 620 1171 Linn.
662 1131 737 1184 Sp.
775 1133 835 1184 pl.
880 1132 943 1169 ecl.
981 1127 1041 1167 II.
1080 1141 1123 1178 p.
1157 1123 1254 1165 927.
1296 1148 1354 1157 --
1411 1124 1520 1165 Falk

215 1218 378 1263 topogr.
411 1210 556 1262 Beytr.
586 1209 648 1249 II.
674 1225 719 1262 p.
737 1206 836 1247 217.
868 1229 921 1236 —
953 1205 1105 1245 Ledeb.
1138 1202 1198 1242 Ic.
1227 1204 1288 1256 pl.
1314 1201 1377 1243 Fl.
1408 1217 1514 1244 ross.

216 1290 290 1327 alt.
321 1290 472 1327 illustr.
505 1295 533 1326 t.
566 1284 663 1325 394.

156 1363 213 1402 Η.
253 1364 502 1403 matronalis
538 1363 583 1415 β.
640 1361 784 1401 Willcl.
826 1359 901 1413 Sp.
941 1360 1001 1412 pl.
1038 1355 1124 1396 III.
1156 1372 1205 1411 p.
1239 1352 1335 1396 531.
1377 1353 1518 1409 (excl.

215 1453 366 1490 synon.
396 1437 621 1487 Ammon.)

156 1517 357 1571 Hesperis
400 1516 482 1556 No.
521 1515 586 1555 19.
641 1513 772 1553 Gmel.
812 1511 874 1551 Fl.
917 1512 995 1549 sib.
1036 1508 1120 1547 III.
1160 1524 1204 1562 p.
1237 1506 1340 1548 260.
1382 1508 1518 1563 (excl-

213 1607 359 1646 synon.
383 1590 603 1639 Ammoni,
638 1589 768 1630 Gmel.
797 1588 894 1628 Ind.
912 1587 1004 1626 Jen.
1039 1583 1169 1626 1022.
1201 1593 1239 1624 et
1264 1583 1394 1625 Gmel.
1419 1586 1516 1625 lnd.

214 1669 299 1708 Irc.
323 1683 392 1708 nec
413 1683 495 1707 non
518 1671 581 1714 (ut
600 1667 783 1713 videtur)
813 1679 904 1705 var.
923 1661 1007 1718 (3.).
1051 1662 1153 1702 Huc
1170 1661 1333 1713 forsan
1360 1670 1521 1717 spectat

216 1744 348 1786 Gmel.
380 1745 443 1784 Fl.
476 1746 551 1786 sib.
583 1745 664 1784 III.
697 1751 724 1783 t.
757 1741 825 1782 58.

48 1822 158 1863 Hab.
189 1821 234 1861 in
265 1822 395 1877 pratis
428 1820 754 1861 humidiusculis
791 1816 994 1857 fertilibus
1024 1814 1275 1871 praesertim
1304 1811 1357 1854 ad
1385 1814 1518 1860 latera

102 1899 315 1938 montium
345 1899 544 1953 frequens
574 1899 646 1947 (L.
679 1897 748 1936 M.
779 1895 874 1944 R).
900 1915 957 1922 --
986 1892 1048 1933 ΕΙ.
1081 1898 1252 1933 aestate.
1299 1891 1364 1938 (ξ’.

160 1994 276 2035 Haec
305 1995 471 2049 planta,
501 1993 547 2032 ni
575 1992 712 2042 fallor,
744 2004 846 2031 vera
877 1996 942 2027 est
970 1988 1026 2028 H.
1060 1987 1289 2027 sibirica
1318 1988 1515 2039 Linnaei‚

49 2071 103 2112 H.
135 2073 485 2121 runcinatae,
531 2070 705 2108 elatae
735 2075 778 2107 et
807 2065 1166 2107 suaveolenti
1197 2064 1330 2116 magis
1360 2063 1514 2113 affinis,

53 2162 178 2202 quam
209 2148 262 2188 H.
296 2147 618 2197 matronali,
662 2160 684 2185 a
728 2158 810 2199 qua
846 2143 959 2198 pube
995 2140 1241 2193 glandulosa
1273 2139 1416 2183 distat.
1472 2138 1517 2180 A

49 2224 105 2266 H.
136 2225 418 2264 runcinata
450 2231 491 2262 et
521 2224 659 2263 elata
690 2221 828 2261 differt
852 2220 963 2276 pube
985 2232 1154 2273 semper
1181 2218 1376 2274 simplici,
1409 2230 1541 2258 nun-s

53 2314 178 2355 quam
210 2314 390 2351 ramosa⁷
421 2314 497 2340 nec
528 2314 612 2339 non
645 2299 809 2353 siliquis
830 2297 959 2337 dense
979 2293 1259 2347 glandulosis3
1290 2308 1313 2334 a
1333 2294 1518 2334 H.sua-

53 2377 310 2415 veolenti
348 2377 503 2420 recedit
531 2378 642 2432 pube
674 2375 890 2424 densiore,
930 2387 1015 2412 non
1046 2373 1184 2412 solum
1213 2371 1317 2412 folia
1346 2376 1390 2409 et
1418 2382 1517 2409 cau—

54 2453 152 2505 lem,
183 2452 255 2493 sed
287 2453 415 2493 etiam
445 2454 549 2493 axin
579 2453 730 2492 racemi
763 2450 988 2507 pedicellos
1018 2456 1060 2489 et
1082 2449 1254 2503 siliquas
1277 2447 1513 2498 obtegente.

57 2529 266 2570 Gmelinus
295 2530 320 2568 I.
350 2545 384 2571 c.
416 2532 606 2585 plantam
636 2537 825 2569 nostram
864 2541 957 2567 cum
996 2526 1052 2567 H.
1085 2525 1272 2581 aprica
1312 2520 1514 2573 confudit,

56 2614 102 2647 ut
130 2621 185 2647 ex
214 2606 464 2659 synonymis
494 2621 518 2646 a
551 2606 737 2647 Gmelino
768 2603 979 2657 allegatis,
1019 2616 1094 2659 pro
1125 2607 1242 2656 parte
1272 2597 1324 2639 ad
1355 2599 1408 2640 H.
1439 2599 1517 2640 si-

56 2683 312 2735 biricam,
359 2699 433 2740 pro
472 2691 589 2740 parte
630 2683 681 2724 ad
721 2683 777 2723 H.
809 2681 1054 2738 apricam
1093 2677 1416 2734 spectantibus„
1450 2684 1515 2722 sat

59 2760 164 2800 clare
194 2768 324 2814 patet.

1075 2829 1146 2872 8³¹5<-
