1648 2989
113 84 178 132 26
484 77 561 128 Cl.
598 79 708 128 XV.
779 77 1189 142 Tetradynamia.

222 204 371 246 Variat
409 202 453 251 1)
484 203 602 244 caule
632 217 742 242 nunc
780 201 945 241 elatiori
983 200 1171 241 crassiori
1201 198 1449 255 profundius
1480 200 1570 239 sul-

112 289 222 334 cato,
252 295 363 320 nunc
392 280 609 320 humiliori
639 279 820 318 tenuiori
849 277 1077 318 obsoletius
1109 277 1266 316 sulcato
1297 277 1368 316 vel
1398 276 1570 316 omnino

111 361 352 408 exsulcato;
391 357 579 407 2)‘aesetis
619 355 877 409 simplicibus
916 368 1027 392 nunc
1067 353 1368 408 copiosissimis
1409 353 1570 390 caulem

111 449 135 474 a
166 436 254 475 basi
284 433 335 473 ad
366 434 530 489 apicem
560 445 694 486 usque
724 430 854 470 dense
876 430 1181 481 olnegentibus,
1215 443 1325 468 nunc
1348 428 1572 469 rarioribus

110 524 259 552 versus
290 509 453 565 apicem
484 508 611 548 caulis
635 506 939 556 deficientibus,
970 521 1080 545 nunc
1108 505 1375 562 paucissimis
1402 503 1477 544 vix
1506 503 1574 541 ul·-

112 587 164 628 lis
193 586 244 626 ad
275 586 395 627 basin
428 585 580 636 caulis3
621 584 668 633 3)
697 583 810 622 foliis
842 583 951 637 pube
984 582 1148 621 minuta
1178 581 1365 621 molliori
1394 580 1469 620 bi-
1498 578 1573 618 tri-

110 662 319 704 multifida
342 677 450 701 nunc
473 659 788 716 cophsissimis,
821 673 929 698 nunc
958 657 1226 713 paucioribus
1249 655 1410 695 vestitis
1434 661 1477 694 et
1505 667 1574 694 se-

112 741 214 780 tulis
244 738 387 791 rigidis
416 737 572 792 patulis
603 737 695 791 plus
726 736 924 775 minusve
950 734 1096 785 hirtis;
1139 732 1389 772 radicalibus
1429 737 1574 770 exacte

80 858 83 861 ,
112 817 250 858 ovatis
278 816 349 855 vel
377 814 529 854 leviter
560 812 761 863 cordati53
805 811 981 851 caulinis
1012 810 1233 849 latioribus
1264 808 1333 847 vel
1364 807 1574 858 angustio-

112 895 243 944 ribus,
275 905 386 932 nunc
417 890 570 940 ovaiis,
599 904 709 929 nunc
740 887 1117 938 ovato-oblongis,
1150 899 1261 925 nunc
1293 890 1471 936 anguste
1499 883 1576 920 ob-

112 970 251 1021 longis
281 966 611 1017 subliuearibus3
656 963 703 1014 4)
735 964 933 1006 auriculis
971 962 1233 1002 brevioribus
1272 961 1341 1001 vel
1378 958 1575 1010 longiori-

112 1049 216 1094 bus,
245 1043 490 1099 saepissime
521 1043 704 1092 obtusis,
743 1040 956 1080 rarissime
987 1039 1139 1078 leviter
1170 1038 1370 1086 acutalis,
1413 1038 1454 1083 5)
1485 1034 1577 1074 sili-

113 1123 205 1179 quis
234 1120 493 1172 longioribus
521 1119 591 1158 vel
619 1118 907 1164 brevioribus,
949 1113 1212 1167 longitudine
1240 1128 1263 1152 a
1301 1112 1362 1166 15
1392 1112 1491 1166 poll.
1525 1108 1577 1148 ad

112 1199 140 1243 3
170 1199 274 1254 poll.
305 1196 585 1245 variantibus,
627 1195 674 1240 6)
705 1193 939 1233 seminibus
970 1191 1210 1231 uniseriatis
1242 1190 1309 1229 vel
1339 1187 1578 1239 irregulari-

112 1283 177 1316 ter
207 1275 282 1314 suh
311 1272 534 1312 biseriatis.
595 1269 771 1312 Semina
800 1275 965 1308 matura
993 1268 1037 1306 in
1068 1268 1248 1321 plantas,
1279 1278 1385 1320 quae
1415 1264 1459 1303 in
1490 1261 1578 1302 Da-

112 1351 247 1402 vuria,
279 1351 385 1389 circa
417 1349 563 1387 urbem
591 1344 771 1386 Irkutzk
802 1352 842 1384 et
872 1343 923 1383 ad
953 1343 994 1383 ss.
1020 1342 1140 1383 Lena
1169 1344 1301 1381 lectae
1331 1348 1440 1390 sunt,
1472 1340 1578 1379 sicut

111 1430 158 1470 in
187 1427 347 1468 altaicis
377 1437 544 1479 semper
585 1423 649 1461 ala
694 1423 849 1466 cincta,
891 1433 999 1473 quae
1030 1420 1094 1457 ala
1123 1425 1267 1457 tamen
1297 1417 1340 1456 in
1371 1417 1508 1457 ovulis
1536 1422 1578 1455 et

112 1506 158 1547 in
189 1501 424 1544 seminibus
453 1497 643 1538 nondum
676 1496 851 1535 maturis
884 1494 1017 1534 deest.

226 1575 469 1635 Specimina
492 1573 705 1624 davurica,
737 1585 840 1626 quas
870 1570 921 1610 ad
952 1584 1128 1611 manum
1152 1569 1300 1618 habeo,
1331 1568 1440 1622 pube
1461 1567 1579 1606 molli

112 1656 235 1699 brevi
273 1650 485 1694 multifida
527 1650 631 1691 setis
666 1647 811 1700 rigidis
852 1647 926 1687 vix
965 1647 1063 1685 ullis
1101 1644 1346 1684 intermixta
1385 1656 1408 1681 a
1438 1644 1579 1698 planta

114 1733 277 1781 altaica,
307 1742 415 1785 quae
436 1727 689 1782 plerumque
718 1725 821 1764 setis
843 1723 1022 1778 copiosis
1054 1723 1187 1761 obsita
1215 1728 1291 1769 est,
1325 1719 1491 1759 differre
1516 1720 1579 1759 vi-

116 1809 282 1852 dentur.
343 1803 426 1844 Sed
457 1809 555 1859 post
585 1802 736 1858 iterata
767 1800 966 1840 examina
994 1798 1225 1853 permultas
1256 1799 1412 1836 formas
1440 1796 1580 1835 inter*

115 1885 279 1928 medias
307 1879 578 1929 invenimus,
615 1878 673 1917 ita
705 1885 750 1916 ut
779 1875 1019 1916 discrimina
1051 1874 1219 1924 omnia,
1259 1875 1309 1912 ab
1341 1872 1580 1913 auctoribus

116 1968 274 2011 notata,
308 1957 470 1999 sensim
491 1961 767 2006 evanescant,
799 1967 880 2010 qua
911 1965 967 1992 ex
995 1964 1041 1991 re
1071 1964 1125 1990 ne
1156 1950 1379 1992 varietates
1410 1946 1582 2004 quidem

116 2041 339 2093 sejungere
368 2032 519 2076 audeo.

230 2111 394 2154 Folia
437 2112 605 2149 caulina
643 2106 848 2158 inferiora
897 2105 986 2143 sere
1025 2101 1412 2159 panduraesormia,
1462 2099 1582 2140 basin

93 2197 271 2235 'versus
299 2192 525 2237 attenuata,
557 2182 631 2224 sed
661 2184 745 2222 ima
775 2181 867 2222 basi
897 2179 1070 2220 dilatata
1101 2178 1449 2234 amplexicaulia3
1481 2191 1581 2216 cau-

121 2270 211 2309 lina
240 2267 382 2306 media
412 2261 816 2310 obovato-oblonga
845 2257 916 2296 vel
946 2257 1140 2307 oblonga,
1170 2267 1335 2308 semper
1364 2259 1484 2292 acuta
1514 2254 1583 2293 vel

122 2341 389 2391 acuminata,
425 2335 718 2389 magnitudine
755 2332 880 2375 valde
920 2333 1063 2384 varia3
1103 2329 1316 2372 interdum
1353 2329 1382 2370 2
1414 2329 1583 2383 pollices

120 2420 274 2473 longa,
316 2418 344 2470 ᾗ
373 2415 477 2471 poll.
507 2414 585 2454 vix
614 2414 724 2464 lata3
764 2408 978 2450 interdum
1009 2422 1111 2449 vero
1142 2408 1167 2449 5
1198 2407 1297 2462 poll.
1332 2406 1455 2457 longa
1487 2413 1529 2444 et
1556 2405 1584 2444 2

123 2495 227 2553 poll.
256 2495 348 2534 fere
374 2493 481 2543 lata3
510 2493 727 2544 superiora
757 2494 799 2526 et
827 2501 1019 2540 suprema
1049 2484 1207 2524 sensim
1229 2482 1413 2533 minora3
1444 2494 1585 2520 ramea

123 2570 272 2611 infima
322 2583 408 2609 non
451 2581 544 2607 raro
597 2563 885 2619 subopposita.
962 2560 1153 2601 Floras
1194 2558 1332 2614 parvi.
1412 2556 1585 2608 Calyx

125 2647 216 2687 basi
247 2645 456 2700 aequalis»,
487 2649 670 2692 erectus,
702 2638 776 2680 sed
806 2651 1024 2692 nunquam
1055 2638 1246 2676 clausus:
1286 2637 1437 2689 sepalz's
1467 2633 1584 2687 apice

127 2729 227 2763 ante
248 2719 559 2762 florescentiam
579 2715 821 2765 imbricatis.
869 2715 1051 2756 Patala
1083 2715 1188 2766 alba,
1219 2712 1410 2763 oblonga,
1435 2716 1582 2760 erecta,
