1648 2989
130 157 238 205 2:146
519 151 595 201 Cl.
633 153 740 201 XV.
813 152 1223 215 Tetradynamia.

209 280 270 326 lis
300 277 475 339 calyce
503 276 830 323 erectiusculo
866 273 1354 338 sesquilongioribus,
1392 276 1601 341 pedicel-

210 365 272 412 lis
307 362 645 421 filiformibus,
682 362 876 423 siliquis
913 361 1315 423 erecto-patulis.

258 448 301 491 S.
343 448 641 500 salsugineum.
703 449 812 489 Pan.
850 452 895 487 it.
937 447 997 488 ΙΙ.
1037 464 1079 502 p.
1123 446 1220 488 466.
1260 447 1380 505 APP·
1420 465 1463 503 p.
1505 447 1602 489 740.

312 526 395 566 No.
429 524 523 566 114.
555 535 583 566 t.
620 526 678 566 V.

260 606 306 648 S.
340 605 666 657 salsuginosum.
728 604 872 646 Willd.
903 603 975 657 Sp.
1006 607 1063 658 pl.
1096 605 1176 645 III.
1205 620 1250 658 P·
1284 602 1380 645 50¹7.
1412 625 1468 635 —-

255 686 436 728 Tun-itis
473 686 746 737 salsuginosa.
810 686 907 724 Dec.
947 685 1061 737 Syst.
1102 693 1189 725 nat.
1235 685 1297 724 II.
1335 701 1380 740 p.
1411 684 1510 725 212.
1551 705 1608 712 —

312 764 411 803 Dec.
451 761 604 802 Prodr.
648 762 687 802 Ι.
728 777 771 816 p.
806 760 903 801 142.
945 781 999 790 —
1057 760 1230 814 Spreng.
1261 761 1376 814 Syst.
1417 775 1507 812 veg.
1546 760 1603 801 II.

314 855 358 894 p.
390 836 489 879 893.
519 861 576 868 --

146 925 254 966 Hah.
287 924 391 963 circa
422 923 533 961 lacus
563 928 604 961 et
634 922 802 961 lacunas
833 921 963 961 salsas
993 918 1044 958 ad
1076 918 1118 958 ss.
1139 918 1303 971 Irtysch
1334 919 1447 959 inter
1474 920 1608 961 Sche-

201 998 377 1039 lesenka
409 1005 450 1037 et
470 996 770 1051 Jamyschowa
792 995 955 1049 (Pala),
986 995 1190 1035 similibus
1221 995 1322 1035 locis
1353 1009 1486 1050 prope
1515 1010 1603 1035 me-

201 1073 483 1114 tallifodinam
513 1072 756 1115 Loktevvsk
787 1072 1018 1127 (Gebler);
1064 1085 1138 1111 nec
1177 1085 1262 1109 non
1300 1071 1345 1110 in
1376 1072 1476 1112 10c1s
1508 1074 1607 1112 sub-

203 1149 322 1191 salsis
352 1150 582 1190 insularum
612 1150 874 1190 kuraicarum
910 1149 954 1189 ss.
990 1146 1173 1199 Tschuja
1204 1146 1314 1200 (R.)
1347 1168 1403 1177 -
1461 1145 1512 1186 In
1542 1160 1608 1185 re-

200 1226 396 1279 gionibus
427 1225 743 1266 demissioribus
773 1226 896 1266 initio
925 1225 1044 1265 Junii
1084 1224 1170 1275 jain
1199 1224 1400 1263 fructibus
1433 1222 1606 1262 maturis

201 1308 400 1349 onustum
435 1302 627 1354 (Pala),
658 1300 711 1342 ad
740 1302 784 1343 ss.
816 1301 1000 1352 Tschuja
1031 1308 1174 1340 autem
1201 1298 1329 1341 Junio
1359 1300 1510 1340 florere
1538 1299 1606 1339 in-

202 1377 303 1434 cipit
331 1376 421 1431 (B).
453 1400 511 1409 —-
545 1381 607 1425 Θ.
644 1379 708 1425 ἅ.

254 1465 426 1508 Radix
452 1466 607 1517 tenuis,
637 1478 776 1504 annua
806 1464 876 1505 vel
905 1464 1082 1505 biennis.
1128 1463 1304 1515 Herba
1335 1463 1605 1518 glaberrima,

145 1544 302 1595 glauca.
363 1539 559 1587 Gaules
596 1540 792 1592 solitarii,
830 1542 979 1592 erecti,
1017 1540 1044 1581 3
1075 1541 1176 1596 poll.
1208 1539 1262 1581 ad
1298 1539 1359 1592 1}
1388 1539 1487 1596 ped.
1516 1539 1603 1590 alti,

142 1616 446 1673 >simplicissimi
475 1617 544 1658 vel
571 1615 750 1667 ramosi,
788 1620 919 1657 ramis
948 1616 1288 1671 erecto-patulis.
1348 1616 1501 1656 Folia
1532 1631 1605 1656 ra-

146 1696 304 1734 dicalia
340 1692 415 1743 (in
444 1693 585 1748 planta
614 1692 793 1733 florente
824 1692 1058 1741 emarcida)
1087 1693 1311 1747 petiolata,
1352 1693 1602 1748 spathulata,

145 1772 311 1822 obtusa,
342 1768 626 1821 integerrima,
657 1767 791 1809 rarius
821 1767 1100 1820 denticulata;
1131 1772 1296 1809 caulina
1321 1768 1603 1808 cordato-sa-

145 1846 316 1898 gittata,
357 1845 702 1899 amplexicaulia‚
741 1845 1026 1896 integerrima.
1086 1844 1311 1885 Racemi
1341 1845 1600 1895 terminales,

143 1920 321 1975 aphylli,
352 1920 588 1972 multiflori,
620 1918 773 1960 deinde
803 1920 1002 1972 elongati.
1059 1921 1092 1961 P
1111 1920 1336 1962 edicelli
1366 1922 1601 1971 filiformes,

144 1996 320 2047 13÷3
356 1996 433 2037 lin.
470 1997 598 2049 longi.
655 1996 846 2037 Flores
888 1998 1030 2053 parvi,
1074 1997 1231 2037 lineam
1272 1998 1431 2038 circiter
1468 1997 1600 2050 longi,

143 2071 243 2133 albi.¹
301 2072 499 2127 Sepala
531 2073 619 2113 basi
647 2073 860 2128 aequalia,
899 2073 1196 2124 erectiuscula,
1233 2073 1438 2128 elliplica,
1478 2075 1601 2114 obtu—

143 2148 345 2198 siuscula,
377 2147 666 2201 flavescentia,
697 2148 869 2197 viridia,
900 2148 1063 2189 caduca.
1123 2147 1314 2188 Petala
1344 2150 1481 2201 calyce
1510 2164 1601 2190 ses-

143 2222 430 2278 quilongiora,
482 2223 746 2275 unguiculata
770 2240 780 2264 :
841 2227 1002 2265 lamina
1043 2225 1226 2280 elliptica
1241 2253 1254 2272 ,
1313 2225 1596 2277 integerrima.

143 2297 465 2352 Glandulae,
496 2300 722 2339 stamina
753 2307 796 2339 et
825 2299 1064 2341 ovarium
1095 2314 1190 2340 cum
1219 2301 1366 2353 stylo
1396 2308 1438 2341 et
1466 2302 1598 2354 stig-

140 2382 288 2415 mate
328 2374 391 2415 uti
423 2375 468 2415 in
508 2376 552 2417 S.
582 2375 884 2430 halophilo.
944 2373 1198 2430 Siliquae
1228 2378 1594 2432 erecto-patulae,

141 2464 266 2506 saepe
303 2450 456 2490 leviter
491 2438 702 2502 afcuatae,
740 2452 814 2491 lin.
848 2449 987 2491 5-8
1014 2452 1189 2503 longa'e,
1219 2454 1296 2494 vix
1326 2454 1431 2492 ultra
1464 2454 1489 2504 ὲ
1518 2453 1591 2494 lin.

137 2525 263 2577 latae,
292 2525 458 2567 modice
488 2540 763 2582 compressae.
822 2516 1099 2567 Valvulae
1129 2529 1372 2580 herbaceae,
1405 2513 1593 2583 planius-

141 2601 279 2653 culae‚
309 2602 538 2645 trinerves:
575 2607 712 2644 nervis
741 2602 962 2655 tenuibus,
993 2603 1076 2643 alte
1104 2603 1338 2656 immersis,
1369 2603 1491 2644 venis
1521 2619 1591 2645 co-

138 2675 270 2729 piosis
300 2678 722 2720 anastomosantibus.
780 2678 1101 2731 Placentae,
1142 2679 1383 2720 funiculi
1415 2680 1589 2720 umbi-
1646 2677 1648 2711 ἕ

137 2750 333 2793 licales
374 2762 416 2795 et
455 2753 912 2812 dissepimentum
955 2756 1159 2798 uninerve
1198 2757 1245 2800 S.
1284 2756 1582 2812 halophili.
1646 2791 1648 2807 ,

1646 2890 1648 2898 A

1645 2935 1648 2946 4
