1648 2989
111 136 207 183 178
488 123 564 174 Cl.
601 125 709 175 XV.
782 120 1193 186 Tetradynamia.

227 252 455 295 Clarissimi
485 249 565 290 viri
589 246 914 289 Andr-zeiowski
942 251 983 283 et
1017 242 1075 282 W
1072 245 1222 283 allroth
1251 242 1360 283 hanc
1389 241 1576 297 speciem

116 335 342 382 sejungunt
371 326 524 367 merito
553 340 575 364 a
609 323 653 365 C.
686 323 867 363 sativa
902 319 995 371 Cr.,
1035 334 1058 358 a
1100 333 1181 373 qua
1211 319 1335 360 facile
1366 317 1582 369 dignosci-

118 417 186 447 tur
216 404 394 446 hirsutie
422 402 612 454 longiore
643 407 684 440 et
721 397 980 453 copiosiore,
1018 396 1171 450 petalis
1201 396 1511 447 angustioribus
1543 401 1586 434 et

118 480 364 539 praesertim
402 477 575 519 siliculis
611 476 736 530 triplo
777 472 1065 528 quadruplove
1105 472 1342 513 minoribus
1384 472 1585 525 utrinque

121 551 272 598 leviter
301 554 525 604 convexis,
559 564 773 605 nunquam
805 546 977 600 turgidis
1009 548 1344 603 subsphaericis,
1375 548 1437 587 uti
1467 547 1510 586 in
1542 544 1588 587 G.

125 632 320 674 gativa.
380 630 446 672 De
477 626 723 682 synonymis
753 639 878 680 supra
918 624 1054 664 citatis
1092 625 1256 664 nullum
1288 631 1478 680 superest
1509 622 1590 662 du-

125 709 265 760 bium,
301 707 397 763 quia
429 704 661 760 specimina
690 701 861 752 allaica,
893 699 1084 756 podolica
1117 708 1160 739 et
1189 701 1447 753 germanica,
1480 709 1593 755 quae

127 778 397 839 comparandi
425 780 533 822 mihi
561 792 663 818 ansa
695 777 787 829 fuit,
819 775 871 816 ad
902 791 1089 828 unguem
1121 784 1368 828 congruunt.

238 857 414 905 Radix
448 870 615 907 annua,
653 853 814 902 tenuis,
851 853 1180 894 subfusiformis.
1242 854 1418 893 Herba
1448 851 1593 892 selulis

128 935 337 989 elongatis
364 933 625 989 simplicibus
656 938 698 971 et
726 930 827 985 pilis
848 930 1084 970 minoribus
1115 930 1190 969 bi-
1220 929 1368 969 trifidis
1393 930 1486 984 plus
1510 927 1595 967 mi·-

131 1026 268 1054 nusve
308 1011 434 1052 hirta.
493 1007 688 1049 Caules
728 1021 785 1046 ex
824 1020 909 1046 una
956 1005 1093 1046 radice
1123 1006 1304 1046 solitarii
1334 1006 1404 1046 vel
1435 1005 1594 1060 plures,

132 1088 282 1140 erecti,
312 1085 522 1142 simplices
550 1085 620 1125 vel
650 1083 828 1134 ramosi,
862 1081 959 1121 1—-
980 1081 1038 1134 1}
1069 1081 1163 1137 ped.
1196 1083 1282 1122 alti.
1342 1080 1499 1121 Folia
1528 1079 1598 1119 in·-

132 1163 358 1218 {egerrime
387 1163 458 1203 vel
488 1159 711 1202 denticulis
753 1159 930 1201 minutis
960 1159 1161 1199 obsoletis
1192 1159 1414 1209 instruc133
1453 1156 1598 1208 infima

134 1242 339 1293 oblonga,
382 1237 472 1279 basi
511 1244 748 1289 attenuata,
790 1237 906 1291 apice
946 1235 1260 1287 obtusiuscula3
1303 1234 1462 1289 reliqua
1500 1246 1598 1271 acu-

134 1317 314 1359 tiuscula
352 1322 424 1356 aut
460 1321 599 1364 acuta,
642 1313 731 1354 basi
761 1313 972 1365 sagittata,
1012 1311 1358 1367 amplexicaulia:
1402 1310 1599 1350 auriculis

133 1396 226 1451 plus
253 1392 451 1434 minusve
488 1388 692 1441 elongalis
734 1395 806 1427 aut
844 1388 1033 1429 aculatis.
1093 1387 1321 1428 Racemi
1359 1384 1597 1434 multiflori,

135 1470 311 1516 demum
347 1467 547 1519 elongati.
626 1463 915 1505 Pedicelli
964 1465 1209 1512 filiffirmes,
1263 1460 1597 1518 erecto-patuli,

133 1545 274 1598 27--2'2
304 1543 377 1584 lin.
406 1542 540 1593 longi,
571 1540 787 1596 subpilosi.
828 1539 1015 1580 Floras
1048 1541 1121 1579 vix
1154 1537 1213 1590 1}
1242 1540 1316 1580 lin.
1347 1539 1476 1590 longi,
1508 1538 1600 1593 pal-

135 1619 220 1670 ljde
248 1618 366 1680 flavi.
426 1617 625 1673 Sepala
656 1624 816 1667 erecta,
848 1617 1007 1670 pilosa,
1038 1616 1245 1670 emptica,
1279 1618 1452 1666 obtusa,
1483 1628 1600 1654 mar-

136 1698 233 1750 gine
270 1693 569 1750 angustissimo
605 1692 746 1733 albido
785 1692 929 1733 cincta.
992 1693 1184 1733 Petala
1224 1694 1362 1745 calyce
1405 1690 1468 1744 1}
1506 1692 1602 1731 lon-

137 1774 270 1825 gion-a,
300 1766 588 1822 erectiuscula,
619 1777 799 1822 anguste
830 1770 1024 1821 oblonga,
1051 1768 1123 1809 vix
1159 1769 1443 1820 unguiculala.
1483 1766 1601 1808 Sta-

137 1849 302 1909 mina,
340 1845 562 1898 glandulae
591 1853 634 1885 et
665 1845 857 1887 ovarium
888 1845 1067 1897 generis.
1128 1843 1335 1897 Stigma
1367 1845 1601 1901 punctisor-

137 1913 222 1966 sne.
258 1918 524 1966 „Silicula
555 1923 749 1974 obovaia‚
781 1922 872 1962 basi
902 1927 1136 1973 angustata,
1171 1923 1368 1977 uli-inque
1399 1933 1599 1972 convexa,

137 1991 480 2055 subcompressa‚
523 1998 713 2050 margine
742 2006 865 2038 acuto
895 1998 1052 2046 cincta,
1082 2005 1247 2053 praeter
1274 2000 1433 2051 stylum
1461 1997 1602 2039 2—3

137 2077 215 2119 lin.
241 2077 396 2127 ionga,
435 2073 643 2128 15—1-3-
674 2075 748 2115 lin.
780 2076 864 2114 lata
895 2082 938 2114 et
972 2075 1015 2114 in
1044 2074 1186 2114 media
1215 2083 1336 2130 parte
1367 2075 1408 2114 in
1440 2074 1605 2114 diame-

138 2162 205 2194 tro
233 2144 536 2206 diseepimento
568 2151 797 2202 contraria,
828 2150 942 2206 apice
973 2157 1242 2200 mucronata,
1280 2163 1412 2190 nervo
1443 2151 1604 2205 promi-

138 2229 242 2269 nulo
265 2226 355 2268 basi
384 2226 580 2266 carinata.
628 2225 942 2275 Placentae,
971 2224 1424 2280 dissepimentum
1456 2235 1497 2267 et
1529 2230 1605 2267 fu·-

139 2302 317 2345 niculi
345 2300 694 2342 umbilicales
725 2300 905 2352 generis.
951 2300 1166 2341 Semina
1197 2315 1339 2357 parva,
1370 2304 1446 2344 vix
1477 2304 1603 2356 {¹1¹¹-

139 2382 293 2432 longa,
329 2385 439 2420 testa
476 2369 738 2429 ferruginea,
780 2379 1183 2432 punctam-scabra.
1254 2378 1492 2434 Embryo
1528 2394 1604 2436 pro

139 2469 259 2497 more
287 2449 467 2508 generis.

490 2561 540 2619 2)
586 2562 814 2605 CAMEmNA
846 2578 1021 2606 sATlvA.
1073 2566 1240 2609 Crantz.

140 2651 199 2704 C.
236 2653 700 2717 pubescenffivfoliis
728 2655 1190 2720 subintegerrimis,
1210 2657 1457 2718 siliculis,
1491 2657 1602 2706 obo-

205 2728 334 2789 vatis
365 2741 595 2806 turgidis,
631 2738 846 2792 valvulis
885 2742 1317 2809 hemisphaericis.
